4725 5742
2381 382 2457 447 16

556 587 809 666 putavi.)
873 586 967 649 διά
1012 607 1076 649 τε
1130 591 1312 648 ταῦτα
1362 585 1629 672 γλίσχρον
1679 584 1774 669 ἦν,
1822 584 1886 647 ἵν’
1940 584 2252 658 ἐθίζωνται
2307 587 2590 672 μηδέποτε
2642 587 2894 673 γίνεσθαι
2947 588 3208 675 πλήρεις,
3262 586 3536 650 δύνασθαι
3574 584 3640 650 δὲ
3681 591 3896 671 πεινῆν.
3944 587 4086 652 οὑτω
4124 592 4223 678 γάρ

544 688 731 775 ᾤοντο
786 691 879 754 καὶ
933 692 993 754 ἐν
1044 690 1282 776 πολέμῳ
1334 691 1802 779 χρησιμωτέρους
1853 691 2105 770 ἔσεσθαι,
2159 692 2207 754 εἰ
2247 691 2503 756 δύναιντο
2537 693 2629 756 καὶ
2673 696 3046 778 ἀσιτήσαντες
3091 692 3432 779 ἐπιπονῆσαι.
3524 691 3616 754 καὶ
3660 690 4123 781 ἐγκρατεστέρους
4161 693 4223 758 δὲ

556 794 651 857 καὶ
711 796 1167 885 εὐτελεστέρους,
1238 798 1287 859 εἰ
1346 797 1527 860 πλείω
1577 799 1778 883 χρόνον
1828 797 2065 883 διάγοιεν
2127 796 2234 861 ἀπὸ
2290 801 2498 886 μικράς
2546 797 2822 881 δαπάνης.
2914 801 3075 870 Quae
3124 801 3336 861 deinde
3377 806 3724 873 sequuntur,
3777 799 3971 859 verbis
4011 808 4221 862 tantum

556 903 713 962 inter
753 921 819 963 se
871 906 1166 982 differunt,
1221 921 1317 965 res
1362 906 1534 979 plane
1590 906 1825 965 eaedem
1871 912 2034 979 sunt;
2101 906 2254 980 apud
2301 905 2677 966 Plutarchum
2723 905 2877 966 enim
2920 919 2972 964 c.
3024 900 3101 964 17
3149 903 3227 963 ita
3271 902 3460 962 oratio
3503 901 3788 976 procedit:
3852 904 4122 988 πάρεργον
4162 900 4223 966 δέ

552 1022 691 1086 φασι
760 1002 867 1087 τὴν
931 1010 1047 1067 τῶν
1106 1010 1393 1088 σωμάτων
1457 992 1716 1088 αὔξησιν.
1806 1004 2048 1092 Φέρεται
2111 1008 2217 1093 γάρ
2271 1005 2354 1076 εἰς
2409 1013 2610 1091 μῆκος,
2666 1005 2799 1067 ὅταν
2852 1002 2916 1065 τὸ
2966 1008 3190 1085 πνεῦμα
3254 999 3338 1084 μὴ
3380 998 3604 1083 πολλὴν
3648 1001 3771 1085 σχῇ
3815 1000 4099 1090 διατριβὴν
4141 1007 4226 1070 καὶ

548 1109 823 1193 ἀσχολίαν
880 1108 981 1173 ὑπὸ
1032 1111 1297 1196 πλήθους
1348 1111 1566 1196 τροφῆς
1606 1108 1687 1179 εἰς
1734 1106 1916 1190 βάθος
1958 1110 2050 1173 καὶ
2091 1110 2310 1179 πλάτος
2351 1113 2710 1192 πιεζόμενον,
2758 1107 3015 1172 ἀλλ’ἄνώ
3060 1106 3276 1190 βαδίζῃ
3320 1105 3413 1168 διά
3467 1106 3791 1189 κουφότητα
3833 1114 3933 1169 τοῦ
3976 1114 4226 1194 σώματος

551 1210 812 1284 ἐκλύτως
853 1215 945 1277 καὶ
990 1215 1200 1301 ῥαδίως
1244 1215 1591 1285 ἐπιδιδόντος.
1681 1214 1765 1277 Τὸ
1807 1213 1999 1278 δἀὐτὸ
2050 1221 2213 1279 τοῦτο
2256 1216 2348 1278 καὶ
2403 1214 2617 1287 καλούς
2664 1214 2817 1278 δοκεῖ
2867 1219 3055 1277 ποιεῖν·
3104 1213 3162 1274 αἱ
3215 1214 3324 1300 γάρ
3366 1209 3553 1297 ἰσχναὶ
3594 1209 3687 1272 καί
3729 1210 3970 1277 διάκενοι
4014 1218 4223 1297 μᾶλλον

545 1305 699 1390 ἔξεις
744 1318 1073 1384 ὑπακούουσι
1116 1320 1255 1408 πρὸς
1294 1320 1402 1403 τὴν
1444 1320 1807 1407 διάρθρωσιν,
1854 1321 1911 1383 αἱ
1953 1318 2019 1383 δὲ
2067 1321 2332 1406 ὀγκώδεις
2379 1321 2471 1383 καὶ
2513 1322 2849 1408 πολύτροφοι
2892 1317 2985 1380 διά
3031 1318 3207 1406 βάρος
3249 1317 3654 1402 ἀντιβαίνουσιν
3698 1314 3823 1378 κτλ.
3923 1323 4059 1386 lust,
4102 1326 4222 1386 Lae,

536 1434 733 1486 autem
777 1430 921 1489 haec
964 1429 1182 1489 hahent
1225 1428 1292 1507 (ἓ
1343 1427 1473 1499 13):
1559 1424 1666 1508 τἠν
1717 1424 2007 1511 δ’ἀνοψίαν
2052 1428 2371 1515 ἀποφέρειν,
2425 1427 2475 1513 ᾧ
2537 1426 2742 1515 βρῶμα
2780 1422 2845 1486 τὸ
2889 1423 3059 1509 τυχόν
3100 1423 3520 1511 προσφέρεσθαι
3563 1421 3743 1507 ᾤοντο
3791 1420 4120 1511 ὑγιεινότερα
4157 1426 4224 1487 τά

546 1526 792 1608 σώματα
838 1528 945 1592 ἀπὸ
987 1533 1104 1612 τῆς
1145 1530 1523 1614 ἐλλειπούσης
1562 1538 1731 1594 ποιεῖν
1771 1537 2010 1619 τροφῆς,
2057 1531 2149 1594 καὶ
2193 1522 2387 1606 αὔξειν
2431 1536 2512 1605 εἰς
2558 1533 2740 1619 βάθος
2781 1529 2874 1592 καὶ
2912 1529 3153 1611 πλάτος,
3199 1527 3282 1613 μὴ
3325 1530 3661 1609 πιεζόμενον
3706 1525 3950 1615 ἐπαίρειν
3987 1531 4067 1601 εἰς
4096 1531 4223 1616 ὕψος

543 1633 618 1692 τά
680 1633 944 1715 σώματα·
991 1634 1084 1697 καὶ
1146 1636 1301 1698 καλά
1358 1633 1424 1698 δὲ
1474 1643 1663 1699 ποιεῖν.
1717 1637 1825 1708 τάς
1883 1638 1991 1725 γάρ
2045 1637 2215 1708 κενάς
2261 1638 2353 1703 καὶ
2405 1639 2697 1708 διακένους
2751 1624 2904 1708 ἕξεις
2959 1634 3254 1698 ὑπακούειν
3296 1632 3434 1720 πρὸς
3474 1632 3581 1716 τὴν
3622 1631 3988 1720 διάρθρωσιν,
4033 1636 4129 1703 τάς
4165 1632 4225 1698 δὲ

546 1736 937 1824 πολυτρόφους
997 1739 1090 1803 διά
1145 1740 1321 1830 βάρος
1376 1741 1726 1826 ἀντιβαίνειν.
1817 1745 2084 1805 Ceterum
2141 1746 2298 1807 hunc
2351 1747 2543 1807 locum
2599 1748 2811 1808 misere
2859 1750 3196 1817 corruptum
3252 1758 3382 1802 esse
3425 1741 3516 1799 vel
3563 1741 3750 1815 primo
3796 1742 4004 1800 obtutu
4048 1743 4213 1820 videS‚

558 1848 616 1902 et
661 1845 804 1904 satis
849 1847 1060 1908 mirum
1106 1857 1196 1910 est
1239 1851 1486 1910 eundem
1534 1852 1723 1910 locum
1769 1849 1944 1908 etiam
1987 1848 2141 1922 apud
2173 1847 2618 1922 Xenophontem
2666 1850 2815 1924 (rep.
2850 1848 2982 1906 Lac.
3019 1845 3067 1904 ll
3125 1844 3227 1903 5-
3253 1840 3338 1918 6),
3382 1845 3454 1902 ad
3500 1858 3671 1917 quem
3717 1843 3856 1900 haec
3898 1843 4024 1902 sine
4053 1845 4218 1904 dubio

547 1947 807 2005 vocanda
872 1958 1030 2023 sunt,
1097 1952 1425 2026 corruptela
1489 1952 1782 2012 foedatum
1826 1952 1901 2009 ad
1954 1965 2063 2010 nos
2115 1949 2474 2025 pervenisse.
2563 1949 2676 2009 Sed
2729 1950 2830 2026 qui
2885 1950 3045 2008 locos
3100 1946 3309 2005 allatos
3354 1944 3528 2018 paulo
3595 1943 3916 2001 accuratius
3977 1944 4120 2003 inter
4157 1961 4217 2005 se

544 2052 969 2123 comparaverit
1011 2053 1283 2112 dubitare
1326 2053 1490 2112 nullo
1535 2053 1708 2111 modo
1754 2052 1985 2127 poterit,
2031 2050 2173 2125 quin
2218 2051 2354 2110 inst.
2404 2051 2685 2111 Laconica
2728 2068 2845 2110 non
2889 2067 2923 2110 e
2969 2048 3283 2108 Plutarcho
3318 2044 3698 2118 transscripta
3743 2044 3882 2116 sint,
3927 2048 4027 2104 sed
4057 2049 4218 2106 vitam

551 2148 799 2226 Lycurgi
865 2159 921 2210 et
978 2153 1112 2212 inst.
1168 2154 1448 2213 Laconica
1503 2171 1577 2213 ex
1633 2155 1836 2213 eodem
1881 2169 2059 2227 opere
2104 2170 2194 2214 res
2239 2153 2555 2213 Laconicas
2598 2159 2885 2212 tractante
2928 2150 3208 2211 concedet
3251 2163 3538 2207 manasse.
3626 2145 3825 2219 Neque
3864 2147 4027 2206 enim
4070 2149 4224 2207 aliter

545 2248 719 2309 facile
783 2253 1063 2327 explicari
1119 2262 1333 2330 potest,
1402 2257 1555 2330 quod
1614 2256 1757 2315 locis
1808 2256 2104 2329 ceteroqui
2164 2255 2361 2315 verbis
2408 2254 2864 2329 congruentibus
2907 2253 2967 2313 in
3013 2252 3217 2311 libello
3264 2248 3494 2309 nonnisi
3540 2249 3866 2322 fragmenta
3917 2251 4236 2309 continente

554 2352 767 2425 scripta
836 2362 975 2413 sunt
1028 2356 1334 2428 nonnulla,
1399 2373 1550 2432 quae
1604 2359 1662 2417 in
1706 2372 1883 2432 opere
1925 2357 2234 2430 diligenter
2278 2358 2581 2416 elaborato
2627 2358 2857 2428 desunt,
2902 2362 2959 2413 et
3004 2356 3054 2414 si
3105 2355 3367 2413 libellum
3415 2366 3447 2408 e
3490 2348 3804 2410 Plutarcho
3848 2353 4239 2425 conscriptum

543 2448 677 2513 esse
720 2454 1011 2522 volumus,
1072 2458 1285 2516 mirum
1343 2459 1610 2518 videatur
1665 2475 1902 2519 necesse
1945 2465 2054 2528 est,
2097 2459 2253 2531 quod
2301 2459 2465 2532 prior
2508 2475 2641 2533 pars
2682 2459 2810 2519 eius
2854 2457 2965 2516 loci
3010 2457 3327 2530 utrobique
3369 2452 3575 2511 iisdem
3620 2454 3816 2513 verbis
3862 2454 4085 2528 scripta
4130 2461 4235 2527 est,

546 2569 680 2613 cum
729 2556 788 2614 in
832 2558 1016 2616 altera
1061 2569 1225 2633 parte
1273 2563 1583 2621 verborum
1630 2561 1932 2620 videamus
1978 2559 2387 2619 differentiam.

847 2675 987 2734 ltem
1035 2676 1395 2739 Plutarcheis
1437 2680 1551 2737 alia
1595 2679 1862 2739 videmus
1906 2679 2246 2753 interposita
2293 2679 2431 2739 inst.
2478 2679 2610 2738 Lac.
2659 2676 2836 2756 §162
2883 2672 2976 2735 καί
3018 2672 3067 2735 οἱ
3113 2669 3445 2756 ἐμβατήριοι
3482 2665 3547 2729 δὲ
3592 2666 3793 2751 ῥυθμοὶ
3844 2673 4250 2758 παρορμητικοὶ

546 2770 686 2858 πρὸς
728 2771 987 2860 ἀνδρείαν
1029 2776 1120 2838 καὶ
1161 2778 1607 2865 θαρραλεότητα
1661 2776 1752 2840 καὶ
1794 2776 2200 2865 ὑπερφρόνησιν
2243 2780 2519 2852 θανάτου,
2567 2778 2646 2848 οἷς
2689 2777 2946 2867 ἐχρῶντο
2991 2780 3051 2843 ἐν
3095 2800 3158 2842 τε
3188 2783 3377 2864 χοροῖς
3420 2773 3512 2837 καὶ
3553 2772 3692 2859 πρὸς
3735 2775 3908 2837 αὐλὸν
3946 2777 4249 2861 ἐπάγοντες

534 2877 976 2961 τοῖςπολεμίοις.
1025 2881 1099 2959 ,,ὁ
1143 2883 1284 2971 γάρ
1330 2884 1786 2972 Λυκοῦργος
1826 2873 2291 2970 παρέζευξε
2336 2882 2428 2967 τῇ
2474 2886 2673 2947 κατὰ
2713 2889 3064 2969 πόλεμον
3110 2886 3448 2968 ἀσκήσει
3491 2878 3632 2964 τὴν
3677 2882 4246 2967 φιλομουσίαν,

538 2982 742 3053 ὅπως
801 2984 883 3046 τὸ
942 2986 1133 3071 ἄγαν
1194 2989 1634 3072 πολεμικὸν
1694 2986 1794 3073 τῷ
1857 2987 2199 3071 ἐμμελεῖ
2261 2987 2663 3077 κερασθὲν
2726 2993 3196 3079 συμφωνίαν
3242 2970 3368 3051 κάὶ
3412 2988 3801 3073 ἁρμονίαν
3849 2987 4074 3073 ἐχῃ.“
4161 2988 4248 3053 διὸ

546 3086 640 3150 καὶ
684 3087 745 3150 ἐν
788 3097 912 3160 ταῖς
954 3095 1167 3178 μάχαις
1206 3097 1516 3182 προεθύετο
1567 3102 1690 3166 ταῖς
1742 3097 1976 3178 μούσαις
2027 3096 2057 3158 ὁ
2110 3095 2381 3180 βασιλεὺς
2436 3096 2562 3159 κτλ.
2652 3101 2770 3162 Cl'r.
2826 3103 2962 3178 Lym
3010 3116 3061 3160 c.
3106 3098 3213 3158 21:
3299 3094 3452 3162 ὅλως
3491 3090 3616 3154 δ’ἄν
3654 3113 3738 3162 τις
3781 3091 4090 3177 ἐπῑσῒήσας
4131 3102 4248 3167 τοῖς

538 3192 890 3267 Λακωνικοῖς
930 3202 1251 3283 ποιήμασιν,
1307 3201 1387 3262 ών
1444 3201 1524 3264 ἐτι
1577 3202 1702 3264 καθ’
1712 3202 1873 3286 ἡμᾶς
1916 3201 2036 3263 ἔνια
2078 3201 2413 3280 διεσώζετο,
2460 3202 2553 3265 καὶ
2590 3199 2724 3272 τοὺς
2767 3199 3150 3288 ἐμβατηρίους
3196 3196 3447 3285 ῥυθμοὺς
3486 3195 3820 3281 ἀναλαβών,
3866 3197 3946 3267 οἷς
3990 3197 4246 3285 ἐχρῶντο

534 3298 675 3385 πρὸς
716 3299 810 3362 τόν
855 3302 1030 3365 αὐλὸν
1075 3303 1217 3390 ἐπάγ
1248 3327 1377 3377 ντες
1419 3315 1533 3379 τοῖς
1572 3307 1859 3389 πολεμίοις
1902 3306 1965 3368 οὐ
2011 3307 2205 3381 κακῶς
2245 3311 2525 3395 ἡγήσαιτο
2568 3306 2661 3369 καὶ
2705 3306 2799 3369 τὸν
2842 3305 3205 3393 Τέρπανδρον
3247 3304 3340 3367 καὶ
3381 3304 3476 3367 τὸν
3518 3302 3796 3390 Πίνδαρον
3845 3300 3953 3385 τὴν
3987 3302 4245 3390 ἀνδρείαν

534 3401 609 3488 τῇ
681 3406 919 3491 μουσικῇ
984 3412 1296 3475 συνάπτειν.
1377 3409 1457 3475 ‘O
1503 3410 1607 3495 μὲν
1657 3414 1764 3499 γάρ
1816 3413 1940 3474 κτλ.
1997 3433 2066 3475 ac
2120 3418 2294 3491 paulo
2350 3423 2512 3492 post:
2580 3411 2673 3475 καὶ
2722 3411 2830 3499 γάρ
2884 3411 2943 3473 ἐν
2993 3418 3116 3481 ταῖς
3160 3412 3375 3494 μάχαις
3414 3409 3725 3495 προεθύετο
3768 3414 3892 3477 ταῖς
3936 3409 4174 3490 μούσαις
4214 3409 4245 3471 ὁ

542 3508 817 3593 βασιλεὺς
849 3514 975 3576 κτλ.
1044 3518 1201 3580 Haec
1242 3520 1631 3594 discrepantia
1679 3521 1775 3579 vix
1821 3527 1949 3578 orta
1996 3535 2127 3579 esse
2171 3526 2383 3594 potest,
2431 3521 2544 3580 nisi
2589 3520 2688 3593 ita,
2732 3527 2799 3580 ut
2843 3519 2913 3592 is,
2950 3519 3051 3594 qui
3095 3517 3358 3578 instituta
3395 3515 3678 3575 Laconica
3724 3517 4118 3575 conscriberet
4149 3531 4238 3575 ea,

544 3632 698 3692 quae
763 3622 1118 3696 repperisset
1168 3623 1325 3697 apud
1369 3630 1663 3682 auctorem
1709 3639 1902 3696 suum,
1960 3624 2312 3693 desumeret‚
2382 3621 2731 3683 Plutarchus
2783 3629 2976 3683 autem
3034 3638 3122 3693 ea,
3178 3636 3330 3695 quae
3384 3618 3560 3679 nimis
3604 3631 3811 3690 magna
3855 3618 4246 3678 admiratione

549 3719 742 3797 legum
790 3722 1221 3797 Lycurgearum
1285 3724 1360 3783 ab
1418 3740 1487 3783 eo
1539 3732 1799 3797 auctore,
1850 3739 2021 3797 quem
2078 3732 2314 3784 secutus
2357 3730 2469 3796 est,
2524 3725 2598 3782 ad
2644 3723 2808 3783 illum
2864 3723 3054 3800 legum
3103 3724 3346 3782 latorem
3392 3720 3599 3780 referri
3643 3716 3884 3790 videret,
3932 3726 3996 3778 ut
4037 3736 4247 3797 parum

552 3823 931 3897 comprobata
979 3825 1272 3885 omitteret
1316 3833 1374 3884 et
1416 3826 1571 3884 haud
1619 3826 1815 3900 inepte
1857 3841 1889 3883 a
1936 3825 2275 3901 Terpandro
2321 3831 2381 3884 et
2406 3824 2659 3884 Pindaro
2695 3825 2966 3886 virtutem
3002 3825 3271 3886 bellicam
3306 3838 3436 3881 eum
3467 3820 3689 3880 musica
3712 3820 4082 3882 coniunctam
4115 3837 4249 3889 esse

551 3923 790 3984 diceret.
836 3924 1037 3999 Neque
1058 3927 1251 3989 minus
1281 3928 1397 3987 huc
1419 3927 1730 4002 pertinent,
1763 3942 1913 4000 quae
1941 3928 2016 3986 de
2040 3928 2241 3987 nitetis
2272 3928 2567 3987 dicuutur.
2613 3924 2731 3986 Csr.
2763 3926 2897 3988 inst.
2935 3929 3068 3988 Lae.
3105 3925 3145 4003 ἓ
3170 3927 3276 3987 40.
3300 3971 3315 3986 .
3343 3970 3359 3987 .
3384 3927 3783 4009 χρηματισμοῦ
3812 3920 3875 3984 δὲ
3906 3922 4241 4007 συναγωγήν

546 4021 780 4109 ἔχοντος
825 4022 1047 4111 ἐργώδη
1094 4026 1186 4087 καὶ
1227 4029 1614 4113 πραγματείας
1656 4025 1953 4088 οὐδ’ὁτιοῦν
1996 4025 2109 4088 ἔδει
2148 4025 2241 4089 διά
2280 4026 2345 4089 τὸ
2403 4024 2604 4109 κομιδῇ
2646 4024 2740 4088 τὸν
2783 4026 3023 4090 πλοῦτον
3067 4026 3308 4112 ἄζηλον
3349 4029 3707 4112 πεποιηκέναι
3750 4027 3841 4091 καὶ
3883 4027 3927 4090 οἴ
3931 4050 4105 4109 τιμον.
4195 4027 4245 4090 οἱ

539 4122 610 4189 δὲ
654 4128 896 4200 εἵλωτες
942 4129 1129 4201 αὐτοῖς
1172 4132 1502 4219 εἰργάζοντο
1544 4130 1649 4215 τὴν
1690 4129 1801 4215 γῆν
1850 4132 2227 4220 ἀποφέροντες
2270 4131 2564 4219 ἀποφοράν
2607 4129 2714 4215 τὴν
2759 4130 2995 4196 ἀνωθεν
3038 4133 3366 4217 ἱσταμένην.
3454 4132 3778 4221 ,,ε“ποίρατον
3818 4131 3944 4214 δ’ήν
3987 4132 4246 4203 πλείονός

538 4251 665 4296 τινα
734 4232 1040 4316 μισθῶσαι,
1100 4236 1159 4298 ἶν’
1225 4236 1418 4299 ἐκεῖνοι
1473 4233 1576 4318 μὲν
1628 4234 2017 4322 κερδαίνοντες
2069 4237 2261 4321 ἡδέως
2316 4235 2691 4326 ὑπηρετῶσιν,
2757 4238 2905 4302 οὗτοι
2973 4237 3038 4301 δὲ
3094 4242 3175 4325 μή
3219 4239 3394 4303 πλέον
3466 4235 3876 4320 ἐπιζητῶσιν.“
3966 4239 4084 4301 Cir.
4137 4240 4243 4303 vit.

547 4340 683 4417 Lyc.
731 4357 783 4401 c.
810 4340 914 4416 24,
960 4344 1059 4403 ubi
1105 4344 1179 4403 de
1219 4345 1420 4404 eadem
1468 4360 1533 4403 re
1575 4343 1783 4403 iisdem
1824 4343 1948 4404 fere
1991 4345 2187 4406 verbis
2215 4346 2594 4407 Plutarchum
2640 4362 2813 4407 usum
2856 4348 3043 4419 vides,
3090 4348 3170 4407 ita
3213 4352 3279 4406 ut
3318 4344 3466 4404 alter
3514 4343 3589 4403 ab
3633 4344 3818 4404 altero
3870 4344 3995 4420 ipsa
4063 4346 4244 4405 verba

555 4449 858 4504 mutuasse
923 4443 1217 4520 videatur;
1294 4447 1398 4506 sed
1463 4462 1612 4522 quae
1677 4446 1813 4506 inst.
1858 4445 1992 4506 Lac.
2059 4447 2257 4507 addita
2319 4448 2541 4510 habent
2608 4444 2886 4534 ἐπάρατον
2928 4445 3058 4530 δ’ήν
3113 4482 3156 4490 ψ»
3239 4439 3599 4525 ἐπιζητῶσιν
3661 4448 3817 4523 apud
3861 4448 4243 4507 Plutarchum

554 4544 774 4605 omissa
819 4551 978 4605 sunt.

847 4678 1011 4750 Quae
1073 4694 1205 4739 cum
1276 4681 1355 4739 ita
1422 4682 1541 4743 sint
1603 4680 1747 4741 satis
1812 4691 2056 4758 apparet
2122 4685 2384 4746 libellum
2444 4686 2706 4748 instituta
2765 4687 3045 4747 Laconica
3106 4686 3496 4747 continentem
3539 4691 3598 4744 et
3641 4683 3887 4759 Lycurgi
3938 4681 4116 4740 vitam
4161 4692 4236 4737 ex

551 4781 757 4841 eodem
802 4780 964 4841 sonte
1014 4781 1350 4844 manavisse
1457 4783 1611 4844 Sane
1665 4784 1899 4857 quidem
1964 4786 2064 4845 vix
2107 4787 2224 4846 alio
2265 4789 2544 4863 exemplo
2587 4788 2976 4850 demonstrari
3024 4794 3216 4863 potest
3260 4787 3633 4847 Plutarchum
3678 4800 3935 4861 unquam
3981 4782 4239 4840 aliorum

542 4881 901 4956 scriptorum
945 4884 1112 4944 libris
1157 4885 1237 4944 ita
1280 4902 1453 4946 usum
1499 4902 1649 4962 esse,
1695 4894 1760 4946 ut
1804 4887 2006 4949 multis
2052 4889 2197 4949 locis
2243 4905 2344 4951 eos
2390 4891 2748 4951 verbotenus
2789 4890 3145 4950 exscriberet
3241 4889 3356 4949 Sed
3400 4905 3474 4949 ex
3521 4902 3729 4964 magno
3758 4898 4005 4946 numero
4030 4896 4236 4942 eorum

536 4984 920 5059 scriptorum,
993 4986 1151 5046 uude
1218 4986 1570 5050 Plutarchus
1634 4990 1871 5051 haurire
1930 4989 2140 5066 potuit.
2211 5005 2501 5066 perpauca
2546 4991 2731 5052 frusta
2782 4991 2857 5051 ad
2916 5006 3026 5050 nos
3095 4998 3483 5067 pervenerunt
3535 4991 3901 5061 maximeque
3942 4984 4016 5043 de
4058 4984 4237 5044 rebus

544 5083 1141 5148 Lacedaemoniorum
1211 5096 1441 5163 praeter
1505 5090 1912 5168 Xenophontis
1979 5091 2268 5164 libellum,
2334 5108 2412 5152 ne
2475 5093 2665 5168 ipsum
2734 5093 2968 5169 quidem
3024 5093 3099 5153 ab
3182 5092 3342 5153 omni
3386 5098 3551 5169 parte
3623 5089 3962 5165 perrectum.
4017 5087 4092 5144 ab
4163 5085 4238 5147 iis

545 5184 962 5262 scriptoribus,
1003 5188 1106 5263 qui
1150 5205 1251 5250 eas
1296 5205 1391 5250 res
1434 5198 1852 5269 tractaverunt,
1897 5193 1996 5255 vix
2039 5194 2328 5256 habemus
2371 5195 2605 5269 tradita,
2649 5211 2800 5271 quae
2839 5195 2913 5255 ad
2957 5194 3110 5255 hanc
3158 5210 3282 5255 rem
3326 5193 3575 5253 alicuius
3597 5188 3876 5250 momenti
3904 5187 4043 5248 sint.
4087 5186 4241 5247 Sane
