4725 5742
2468 380 2512 442 4

945 591 1114 661 Quod
1168 605 1287 666 quo
1350 589 1561 650 melius
1614 592 2020 663 cognoscatur,
2084 586 2276 646 Photii
2337 586 2533 646 locum
2589 585 2764 659 (Bibl.
2821 586 2948 644 cod.
3014 582 3118 643 161
3186 600 3243 658 p.
3311 582 3538 655 1048.),
3591 583 3748 642 unde
3809 581 3869 640 id
3932 580 4322 656 colligendum

632 693 885 768 censuit,
931 692 1187 752 afferam.
1285 690 1316 751 ὁ
1358 687 1422 752 δὲ
1465 688 1656 772 ὄγδοος
1710 700 1816 772 (58.
1869 685 2037 769 λόγος
2088 685 2403 771 διήνθισται
2455 689 2546 748 vel
2603 686 3016 771 συνηθροίσθη)
3064 684 3129 747 ἐκ
3171 687 3341 765 τόμου
3394 683 3541 753 τινος
3592 684 3846 769 ἀρχαίου.
3958 679 4182 765 ἐκλογαὶ
4235 681 4325 743 καὶ

639 791 776 853 αὐτὸ
841 796 1105 877 τυγχάνει
1170 794 1233 855 τό
1293 793 1510 879 βιβλίον
1569 794 1670 856 οὐκ
1725 793 1859 879 ἔχον
1904 791 2342 879 ἐπιγραφόμενον
2401 790 2493 853 τόν
2544 791 2971 877 συνηθροικότα.
3064 790 3123 853 ἐν
3169 796 3251 857 οἷς
3291 789 3395 858 τάς
3448 789 3528 858 εἰς
3579 788 3723 870 μέγα
3775 776 3956 872 δόξης
4011 788 4104 850 καὶ
4149 789 4325 870 ὄνομα

635 897 896 985 λαμπρὸν
953 898 1227 985 άρθείσας
1282 908 1548 983 γυναῖκας
1607 899 1907 982 καταλέγει
1960 903 2051 960 κάι
2097 896 2319 983 ἀνδρῶν
2381 894 2543 956 ἐνίων
2591 895 2726 982 ἐργα
2783 895 2874 958 καὶ
2920 894 3006 958 ἐπὶ
3049 896 3270 977 παιδείᾳ
3313 895 3499 977 λόγων
3544 896 3838 965 συνουσίας
3896 896 4107 979 ἀρετήν
4151 916 4215 956 τε
4253 892 4325 956 αἵ)

642 1004 835 1088 φιλίας
901 1003 992 1064 καὶ
1056 1009 1171 1065 τῶν
1238 1004 1550 1067 σπουδαίων
1619 1005 2052 1090 ἀποφθέγματα.
2147 1003 2424 1085 σύγκειται
2489 997 2553 1061 δὲ
2607 1002 2761 1086 αὐτῷ
2817 1002 2906 1064 καὶ
2960 1001 3024 1064 ἐκ
3070 1009 3184 1063 τῶν
3237 999 3636 1087 Πλουτάρχου.
3728 1001 3854 1063 κτλ.
3954 1003 4103 1062 Ν11111
4150 1003 4325 1079 igitur

642 1112 958 1186 quisquam
1003 1110 1317 1174 σπουδαίων
1366 1111 1780 1195 ἀποφθέγματα
1822 1128 1855 1171 8
1890 1110 2206 1172 Plutarcho
2249 1125 2381 1170 esse
2424 1109 2748 1184 conscripta
2791 1110 2902 1169 hoc
2945 1111 3077 1170 loco
3123 1118 3315 1186 potest
3357 1105 3664 1170 evincere?
3748 1110 3933 1168 Immo
3975 1120 4135 1178 vcro,
4177 1119 4326 1180 quae

644 1213 944 1277 Plutarchi
996 1225 1153 1291 sunt,
1198 1218 1273 1277 ab
1319 1218 1439 1278 illis
1476 1215 1999 1294 apophthegmatis
2046 1213 2219 1289 plane
2265 1218 2614 1286 separantur
2657 1228 2845 1286 neque
2888 1220 2996 1287 est,
3039 1230 3146 1273 cur
3178 1229 3265 1284 ca,
3311 1228 3462 1287 quae
3491 1210 3848 1271 ePlutarchi
3891 1208 4125 1283 scriptis
4148 1208 4322 1283 petita

638 1316 726 1375 illi
782 1319 967 1379 codici
1031 1321 1325 1395 adscripta
1395 1321 1576 1382 1111558
1627 1321 1871 1382 Photius
1946 1321 2366 1377 commemorat
2418 1313 2905 1390 apophthegmata
2963 1315 3145 1374 fuisse
3200 1322 3492 1390 putemus.
3600 1313 3742 1372 Nam
3794 1312 3952 1387 quod
3996 1312 4210 1371 dicitur
4253 1311 4323 1370 iis

639 1419 837 1487 rebus,
882 1434 1131 1495 quarum
1176 1429 1343 1483 antea
1373 1431 1498 1482 erat
1543 1424 1760 1483 mentio
1807 1423 1957 1482 facta
2004 1414 2327 1499 (καταλέγει
2373 1422 2638 1499 γυναῖκας
2682 1449 2764 1464 -
2789 1416 3103 1479 σπουδαίων
3152 1415 3589 1501 ἀποφθέγματα)
3636 1415 3831 1475 addita
3879 1431 4010 1476 8558
4039 1415 4323 1489 quaedam

637 1535 670 1578 e
730 1520 899 1582 libris
963 1523 1261 1585 Plutarchi
1320 1524 1622 1606 (σύγκειται
1674 1520 1740 1583 δέ
1800 1522 1954 1608 αὐτῷ
2011 1521 2102 1583 καὶ
2160 1521 2224 1583 ἐκ
2276 1527 2392 1582 των
2437 1518 2842 1605 Πλουτάρχου)
2900 1526 3097 1587 verbis
3144 1520 3208 1582 ἐκ
3250 1528 3364 1582 τῶν
3411 1519 3793 1604 Πλουτάρχου
3836 1517 4322 1594 apophthegmata

646 1638 780 1683 8558
822 1624 1211 1701 intellegenda
1264 1645 1334 1689 eo
1389 1639 1656 1691 vetamur
1715 1637 2004 1703 statuere,
2067 1630 2223 1703 quod
2275 1629 2523 1689 Photius
2583 1628 2787 1687 titulos
2851 1629 3148 1688 Plutarchi
3202 1631 3575 1704 scriptorum,
3640 1625 3795 1684 uude
3846 1623 4060 1680 lectum
4108 1619 4323 1680 librum

651 1727 1009 1801 exscriptum
1068 1745 1198 1789 8558
1248 1740 1686 1806 commemorat,
1740 1732 1957 1792 diserte
2008 1731 2194 1801 affert,
2257 1746 2450 1805 neque
2519 1731 2706 1790 ullum
2757 1730 2971 1791 librum
3028 1733 3101 1791 ad
3163 1733 3653 1808 apophthegmata
3705 1726 4090 1802 pertinentem
4142 1723 4202 1783 111
4254 1724 4326 1784 115

634 1827 823 1888 11111115
901 1831 1177 1905 reperies,
1284 1833 1370 1893 Ita
1424 1836 1579 1895 enim
1633 1835 1821 1894 oratio
1892 1833 2184 1910 procedit:
2270 1832 2550 1913 σύγκειται
2600 1829 2665 1892 δέ
2742 1831 2896 1917 αὐτῷ
2951 1833 3044 1895 καί
3101 1832 3166 1894 ἐκ
3218 1838 3333 1893 τῶν
3399 1831 3783 1915 Πλουτάρχου
3848 1823 3973 1910 περὶ
4037 1831 4137 1887 τοῦ
4203 1833 4327 1896 πως

635 1931 717 1993 δεῖ
760 1929 854 1992 τόν
908 1930 1033 1993 νέον
1078 1932 1301 1995 ἀκούειν
1346 1940 1680 2018 ποιημάτων
1729 1936 1853 2023 περί
1905 1956 1969 1996 τε
2013 1934 2243 2020 φύσεως
2296 1936 2391 1998 καὶ
2445 1939 2629 1999 πόνων
2685 1937 2836 2007 ὅπως
2886 1958 2950 1998 τε
2994 1938 3195 2001 πολλοὶ
3240 1939 3518 2008 πολλάκ·ς
3558 1939 3710 2019 πόνῳ
3754 1931 3861 2015 τὴν
3908 1932 4072 2016 φύσιν
4114 1931 4218 1995 οὐκ
4261 1931 4324 1995 εὖ

632 2037 955 2123 φερομένην
1011 2035 1317 2125 ὤρθωσαν,
1376 2041 1554 2127 ἕτεροι
1607 2038 1671 2103 δὲ
1736 2041 1937 2111 καλῶς
1989 2040 2233 2126 ἔχουσαν
2289 2029 2356 2113 ἐξ
2413 2042 2690 2123 ἀμελείας
2738 2041 3073 2128 διέφθειφαν
3129 2044 3280 2113 ὅπως
3333 2066 3395 2106 τε
3452 2044 3578 2105 ἔνιοι
3634 2040 3694 2103 ἐν
3760 2036 3864 2121 μὲν
3907 2037 4053 2107 νέοις
4099 2037 4326 2125 βραδεῖς

647 2142 941 2228 ἐνωρῖοντο
982 2151 1115 2206 πᾶσι
1160 2144 1252 2207 καὶ
1308 2148 1561 2212 ἀσυνετοι
1616 2150 1996 2231 ἀκμασάντων
2048 2146 2113 2210 δὲ
2168 2147 2248 2217 εἰς
2299 2146 2364 2208 τὸ
2408 2143 2556 2232 ταχὺ
2600 2147 2692 2209 καὶ
2745 2147 2973 2210 συνετόν
3020 2148 3206 2220 αὐτοῖς
3265 2152 3303 2234 ἡ
3373 2152 3537 2236 φύσις
3601 2137 3903 2230 ἐξέλαμψε
3957 2143 4048 2207 καὶ
4110 2144 4176 2207 ἐκ
4226 2150 4324 2206 τοῦ

632 2248 757 2335 περὶ
811 2248 1098 2319 δυσωπίας
1150 2247 1215 2312 δὲ
1283 2250 1453 2336 λόγου
1497 2254 1591 2317 καὶ
1631 2253 1756 2342 περὶ
1808 2252 2150 2339 ἀδολεσχίας
2192 2253 2285 2315 καὶ
2339 2252 2463 2341 περὶ
2515 2254 2687 2339 ὀργῆς
2737 2252 2828 2315 καὶ
2883 2253 2949 2316 ἐκ
3000 2259 3099 2316 τοῦ
3151 2263 3273 2328 πῶς
3323 2258 3391 2317 ἄν
3443 2278 3530 2326 τις
3597 2253 3697 2316 ὑπὸ
3764 2252 3992 2338 ἐχθρῶν
4045 2250 4323 2336 ὠφελοῖτο

635 2354 725 2415 καὶ
768 2353 891 2441 περὶ
955 2354 1230 2435 εὐθυμίας
1284 2355 1348 2419 δὲ
1406 2362 1498 2423 καί
1553 2367 1667 2423 τῶν
1710 2360 2011 2422 πολιτικῶν
2067 2358 2237 2420 αὐτοῦ
2289 2360 2786 2445 παραγγελμάτων
2829 2362 2951 2447 περί
3007 2381 3069 2421 τε
3118 2361 3361 2422 πλουτου
3406 2361 3499 2424 καὶ
3543 2361 3696 2429 ὅπως
3737 2360 3806 2419 ἄν
3850 2377 3935 2426 τις
3974 2356 4325 2419 συναίσθοιτο

635 2461 838 2523 ἑαυτοῦ
890 2462 1028 2547 πρὸς
1082 2462 1292 2549 ἀρετ-ἠν
1348 2464 1680 2537 ἐπιδιδόντος
1729 2465 1794 2529 ἐκ
1858 2486 1921 2526 τε
1976 2472 2090 2526 τῶν
2147 2464 2394 2547 ὑγιεινῶν
2458 2465 2629 2526 αὐτοῦ
2693 2465 2783 2527 καὶ
2842 2470 3099 2548 γαμικῶν
3161 2469 3669 2554 παραγγελμάτων.
3775 2466 3846 2524 Et
3905 2479 4056 2539 (11188
4114 2464 4326 2524 deinde

632 2576 987 2643 sequuntur:
1055 2566 1146 2629 καὶ
1190 2567 1262 2651 δὴ
1301 2570 1392 2632 καὶ
1435 2572 1465 2634 ὁ
1510 2573 1709 2641 ἔνατος
1761 2570 1917 2655 αὐτῷ
1972 2571 2179 2652 ὁμοίως
2225 2570 2289 2633 ἐκ
2330 2574 2448 2633 τῶν
2495 2568 2875 2657 Πλουτάρχου
2921 2574 3258 2657 συνετμήθη
3314 2593 3430 2638 non
3487 2577 3565 2635 ita
3621 2567 4009 2644 intellegenda
4060 2581 4210 2640 oese,
4263 2576 4328 2628 111

652 2671 861 2730 Photio
921 2674 1096 2733 etiam
1159 2683 1429 2739 octavum
1494 2680 1711 2740 librum
1774 2686 1962 2738 totum
2026 2696 2060 2739 e
2120 2679 2489 2739 Plutarcheis
2559 2679 2950 2753 conscriptum
3016 2698 3147 2740 esse
3203 2681 3391 2739 visum
3454 2676 3829 2737 statuendum
3891 2670 3968 2731 sit
4020 2668 4104 2742 (id
4169 2676 4324 2746 quod

653 2771 969 2847 Gierigium
1015 2778 1376 2851 suspicatum
1422 2799 1555 2842 8558
1598 2781 1780 2856 patet)
1824 2788 1946 2840 toto
1991 2781 2305 2839 verborum
2353 2795 2577 2839 conexu
2622 2781 2765 2840 satis
2807 2784 3242 2855 comprobatur.
3329 2780 3439 2851 Qui
3484 2779 3533 2840 si
3580 2777 3752 2838 etiam
3800 2775 4054 2849 priorem
4100 2781 4322 2848 partem

636 2873 772 2932 lecti
817 2873 952 2933 libri
997 2893 1031 2937 e
1083 2878 1380 2942 Plutarchi
1435 2884 1671 2959 scriptis
1717 2899 1847 2943 8558
1902 2882 2138 2957 petitam
2196 2881 2609 2953 existimasset,
2668 2889 2823 2942 certe
2877 2900 3067 2958 neque
3121 2893 3289 2945 antea
3347 2882 3592 2944 dixisset
3644 2876 4085 2962 (συνηθροίσθη)
4132 2873 4198 2936 ἐκ
4235 2878 4326 2936 τό-

642 2994 747 3054 μου
799 2972 946 3043 ῖῑνός
1010 2979 1249 3064 ἀρχαίου
1304 2992 1361 3044 81
1421 2993 1622 3060 postea
1678 2984 1952 3064 σύγκειται
2005 2978 2070 3042 δὲ
2127 2979 2281 3065 αὐτῷ
2346 3004 2380 3042 κ
2407 2982 2483 3043 αἱ
2547 2982 2612 3046 ἐκ
2658 2988 2772 3046 τῶν
2829 2982 3213 3071 Πλουτάρχου
3267 2985 3391 3047 κτλ.
3503 2986 3616 3044 Sed
3675 2986 3766 3045 fac
3810 2984 3982 3044 etiam
4036 2998 4126 3056 88,
4177 2999 4328 3058 quae

640 3092 1171 3144 commemorantur
1232 3083 1545 3147 σπουδαίων
1600 3089 2014 3173 ἀποφθέγματα
2063 3092 2137 3150 8(1
2205 3090 2583 3151 Plutarchum
2639 3094 2861 3168 redire,
2916 3111 3056 3154 num
3115 3094 3249 3153 inde
3295 3091 3482 3167 magis
3525 3088 3853 3148 efficeretur
3897 3086 3955 3144 id
4000 3086 4158 3159 quod
4202 3085 4328 3145 vult

648 3184 954 3259 Gie1·igiu5‚
1013 3188 1355 3251 continuum
1398 3195 1691 3267 quoddam
1735 3211 1886 3270 opus
1931 3193 2496 3270 apophthegmatum
2542 3212 2574 3255 a
2621 3196 2935 3257 Plutarcho
2980 3214 3111 3258 8588
3160 3186 3597 3268 couscriptum?
3670 3189 3819 3248 Num
3867 3188 3971 3246 1118
4014 3184 4325 3247 σπουδαίων

645 3284 1082 3369 ἀποφθέγματα,
1118 3307 1270 3365 (11188
1311 3294 1463 3354 18818
1506 3296 1660 3355 111118
1701 3297 1989 3357 contineri
2022 3296 2268 3356 Photius
2312 3296 2473 3370 dicit,
2523 3313 2556 3356 8
2598 3298 2738 3358 vitis
2782 3299 3086 3359 Plutarchi
3137 3299 3332 3357 minus
3379 3295 3719 3354 viderentur
3755 3292 3935 3367 petita
3977 3308 4109 3353 esse
4150 3310 4324 3369 quam

635 3408 671 3450 e
714 3391 991 3452 continuo
1036 3395 1291 3468 quodam
1336 3413 1515 3472 opere
1555 3398 2049 3475 apophthegmata
2098 3400 2534 3474 praeclarorum
2581 3399 2842 3461 virorum
2888 3395 3238 3460 enarrante?

942 3512 1104 3582 Quae
1147 3530 1284 3573 cum
1326 3514 1406 3573 ita
1451 3515 1570 3575 sint
1613 3532 1953 3607 quanquam
1997 3533 2102 3592 per
2146 3534 2211 3576 se
2258 3516 2416 3578 haud
2463 3520 2541 3578 sit
2584 3518 2903 3580 absurdum
2951 3525 3221 3577 statuere
3264 3513 3645 3576 Plutarchum
3700 3512 4016 3572 illustrium
4063 3513 4323 3574 virorum

642 3612 787 3671 scite
827 3613 983 3672 dicta
1026 3615 1476 3690 conscripsisse,
1523 3624 1590 3676 ut
1633 3619 1801 3680 libris
1846 3620 1971 3680 suis
2014 3635 2081 3678 88
2126 3620 2431 3692 1115818181,
2478 3627 2674 3680 18111811
2706 3620 3046 3679 continuum
3097 3635 3316 3692 corpus
3360 3616 3917 3692 apophthegmatum
3960 3614 4035 3674 ab
4087 3632 4158 3675 eo
4197 3633 4327 3678 8558

637 3714 966 3773 confectum
1017 3722 1194 3790 atque
1245 3717 1467 3777 editum
1521 3735 1713 3793 neque
1754 3721 1865 3780 boc
1910 3723 2037 3782 loco
2083 3721 2275 3782 Photii
2328 3739 2528 3797 neque
2578 3722 2701 3781 ullo
2744 3722 2860 3782 alio
2905 3723 3050 3783 satis
3100 3729 3264 3781 certo
3308 3724 3652 3794 argumento
3698 3723 3889 3792 potest
3936 3718 4323 3792 comprobari.

636 3814 781 3874 Nam
830 3816 974 3890 quid
1015 3817 1089 3878 de
1113 3820 1427 3894 Lampriae
1467 3821 1736 3896 catalogo
1763 3822 1843 3882 sit
1886 3823 2285 3897 iudicandum,
2330 3825 2500 3884 cuius
2543 3823 2887 3884 auctoritate
2915 3824 3068 3884 idem
3109 3821 3399 3897 Gierigius
3448 3819 3507 3891 111
3551 3819 4059 3895 apophthegmatis
4103 3820 4327 3894 nititur,

638 3918 814 3994 paulo
859 3928 994 3994 post
1038 3919 1386 3982 videbimus,

897 4118 905 4123 ι
942 4038 1056 4098 Sed
1101 4055 1243 4099 num
1281 4041 1400 4102 sint
1444 4042 2002 4119 apophthegmatum
2049 4043 2186 4103 libri
2230 4044 2472 4118 genuini
2519 4060 2586 4103 ac
2631 4043 2759 4103 iure
2803 4044 2993 4104 locum
3047 4042 3354 4102 obtineant
3407 4041 3558 4100 inter
3585 4039 3884 4100 Plutarchi
3923 4040 4162 4116 scripta,
4206 4058 4326 4102 non

639 4137 785 4198 mihi
855 4141 1133 4216 proposui
1187 4142 1636 4219 dimicandum,
1699 4160 1832 4205 cum
1895 4146 2039 4206 satis
2101 4152 2371 4205 accurate
2430 4153 2488 4205 et
2529 4145 2604 4205 ab
2658 4144 2791 4204 aliis
2844 4153 2900 4206 et
2963 4161 2996 4204 a
3059 4145 3427 4207 Volkmanno
3489 4145 3548 4204 in
3603 4142 3695 4202 his
3746 4142 3916 4202 libris
3959 4144 4328 4218 quaestiones

641 4240 942 4301 institutae
982 4242 1119 4302 sint.

944 4361 1130 4421 Unam
1199 4377 1338 4421 vero
1404 4370 1631 4438 partem
1695 4380 1920 4438 eorum,
1987 4363 2087 4439 qui
2152 4365 2646 4439 apophthegmata
2715 4365 2994 4426 exhibent
3060 4367 3351 4426 librorum
3415 4365 3760 4438 interpretes
3825 4362 4022 4424 minus
4090 4364 4324 4442 dignam

645 4465 916 4524 videntur
960 4465 1269 4536 iudicasse,
1324 4463 1383 4523 111
1436 4480 1614 4539 quam
1666 4466 1996 4526 accuratius
2057 4466 2440 4541 inquirerent.
2533 4466 2637 4525 1118
2693 4466 2955 4540 1111811115,
3012 4467 3104 4526 8111
3167 4465 3520 4525 inscribitur
3584 4464 3852 4526 Instituta
3895 4465 4200 4540 Laconica,
4242 4467 4322 4525 ita

637 4573 731 4625 cst
774 4565 1295 4642 Apophthegmatis
1349 4566 1753 4643 interpositus,
1811 4575 1878 4627 ut
1932 4568 2085 4628 inter
2137 4568 2435 4627 Laconum
2501 4573 2558 4626 ct
2607 4569 3000 4629 Lacaenarum
3060 4568 3558 4643 apophthegmata
3603 4567 3796 4627 locum
3848 4568 4125 4628 obtineat.
4210 4567 4323 4636 Qui

647 4674 842 4726 utrum
886 4682 1024 4726 vere
1064 4667 1141 4727 sit
1185 4667 1568 4728 Plutarcheus
1612 4683 1813 4742 necne,
1884 4686 2017 4730 cum
2070 4685 2144 4729 ne
2186 4670 2408 4729 nostris
2461 4667 2698 4743 quidem
2758 4669 2966 4731 diebus
3041 4670 3203 4730 docti
3254 4669 3367 4730 viri
3418 4668 3563 4729 satis
3615 4668 3946 4731 consentire
3997 4668 4323 4739 videantur,

642 4783 763 4828 nou
808 4767 1072 4828 inutilem
1117 4768 1263 4827 mihi
1318 4769 1482 4829 visus
1530 4785 1661 4830 sum
1707 4786 1945 4846 operam
1989 4770 2332 4845 sumpsisse,
2404 4771 2454 4830 si
2522 4770 2594 4829 de
2666 4788 2729 4829 ea
2798 4787 2861 4830 re
2926 4773 3336 4846 quaestionem
3406 4771 3788 4831 instituerem.
3880 4771 4005 4841 Qua
4056 4770 4327 4832 absoluta

644 4870 919 4945 deinceps
983 4870 1058 4930 de
1106 4869 1294 4929 forma
1356 4870 1545 4931 libelli
1605 4872 1920 4947 disputabo
1976 4879 2053 4945 et,
2108 4887 2260 4946 quae
2312 4877 2562 4953 possunt
2604 4875 2874 4947 cognosci
2927 4876 3001 4934 (18
3044 4874 3409 4946 auctoribus,
3462 4872 3677 4947 quibus
3719 4873 3848 4933 eius
3890 4872 4143 4947 scriptor
4180 4889 4326 4935 115115

638 4973 743 5043 511,
788 4986 1145 5047 expromam.
