4725 5742
2326 387 2401 450 11

503 604 560 657 et
624 592 718 657 καὶ
770 592 873 657 ὑπὸ
904 591 1213 675 Ῥωμαίοις
1254 591 1505 676 ἐγένοντο
1568 594 1698 653 sine
1748 593 1932 653 dubio
1985 594 2190 655 eodem
2233 602 2498 669 spectare
2539 594 2682 656 vult.
2771 594 2886 653 Sed
2930 594 3169 653 maximi
3219 595 3496 654 momenti
3542 596 3653 655 1188
3697 596 3825 655 1888
3868 604 3958 655 est
4000 597 4182 671 parti-

504 703 633 762 cula
678 705 797 776 νῦν,
841 717 1012 776 quae,
1056 700 1379 776 quominus
1421 699 1495 759 ad
1541 697 1693 757 idem
1740 702 1971 770 tempus
2017 697 2194 756 verba
2240 697 2482 769 referas,
2525 696 2739 755 obstat.
2810 695 2937 754 Jam
2985 711 3122 756 vero
3166 695 3218 755 si
3263 694 3620 770 quaerimus,
3663 712 3815 770 quae
3865 699 4045 757 suerit
4089 699 4192 758 illa

502 802 754 882 δουλεία,
817 808 878 866 in
945 819 1120 879 quam
1176 799 1667 862 Lacedaemonios
1733 797 2005 871 delapsos
2076 813 2207 858 esse
2258 798 2511 871 scriptor
2566 802 2786 868 narrat,
2846 812 2979 856 cum
3023 812 3214 872 neque
3253 812 3380 856 eam
3427 796 3851 873 condicionem,
3898 800 3955 859 in
4002 817 4178 874 quam

502 919 788 973 venerunt
848 914 981 984 post
1023 922 1078 967 a.
1131 903 1250 965 146
1293 921 1347 963 a.
1380 901 1519 961 Chr.
1563 915 1752 974 neque
1795 915 1945 972 eam,
1991 898 2051 958 in
2098 914 2212 972 qua
2259 899 2476 960 versati
2519 905 2656 958 sunt
2686 897 2984 957 Plutarchi
3030 899 3392 973 temporibus
3435 897 3751 973 significari
3795 901 3990 975 exiis,
4035 918 4186 977 quae

504 1028 677 1087 supra
725 1011 869 1086 dixi,
911 1008 1055 1069 satis
1101 1007 1372 1067 videatur
1413 1017 1696 1077 apparere
1737 1016 1928 1075 neque
1969 1000 2222 1075 denique
2265 1016 2522 1075 unquam
2565 999 2817 1058 Graecos
2861 1015 2897 1057 a
2925 998 3204 1059 Romanis
3246 999 3324 1060 ita
3371 1015 3501 1061 esse
3542 1000 3776 1061 habitos
3822 1011 4184 1076 compertum

502 1113 674 1174 nobis
734 1114 832 1187 sit,
898 1117 966 1171 ut
1017 1109 1253 1168 illorum
1311 1104 1576 1167 condicio
1629 1103 1752 1163 8118
1803 1102 1930 1162 iure
1972 1097 2204 1163 δουλεία
2254 1103 2370 1162 (1181
2417 1100 2687 1178 potuerit,
2743 1100 2985 1160 dubium
3034 1118 3164 1163 esse
3207 1118 3325 1161 non
3373 1107 3584 1177 potest,
3630 1102 3771 1177 quin
3817 1118 3885 1162 ea
3928 1103 4184 1164 servitus

505 1215 892 1291 intellegenda
938 1213 1037 1285 sit,
1080 1225 1254 1284 quam
1301 1207 1459 1269 domi
1502 1205 1710 1266 tulisse
1742 1205 2232 1269 Lacedaemonios
2276 1206 2423 1266 satis
2464 1211 2668 1264 notum
2712 1208 2820 1274 est,
2865 1203 3129 1279 tyrannis
3160 1204 3586 1265 crudelissimis
3614 1204 3861 1280 Spartae
3892 1204 4187 1279 imperan-

500 1317 678 1376 tibus.
750 1312 1240 1376 Lacedaemonios
1281 1318 1476 1372 autem
1518 1325 1552 1368 a
1596 1297 1881 1383 tyrannis,
1925 1309 2026 1383 qui
2071 1326 2143 1369 ex
2190 1308 2450 1384 ipsorum
2497 1305 2711 1364 civium
2751 1319 2995 1364 numero
3028 1307 3358 1366 extitissent
3391 1307 3796 1367 crudelissime
3824 1307 4185 1379 aliquamdiu

497 1419 732 1479 habitos
800 1434 932 1478 esse
998 1416 1199 1491 paucis
1264 1412 1516 1487 scriptor
1580 1416 1747 1468 antea
1804 1419 2130 1485 monuerat,
2181 1428 2315 1471 cum
2371 1411 2589 1469 diceret
2640 1402 2742 1466 ὑπὸ
2791 1408 2906 1465 τῶν
2959 1403 3113 1467 ἰδίων
3163 1406 3409 1470 πολιτῶν
3475 1405 3992 1495 ἐτυραννεύθησαν,
4036 1425 4190 1485 quae

501 1520 681 1580 verba
726 1520 801 1579 ad
847 1517 1225 1579 Machanidae
1269 1513 1639 1587 maximeque
1681 1510 1755 1569 ad
1800 1509 2042 1572 Nabidis
2084 1514 2476 1589 tyrannidem,
2522 1511 2622 1585 qui
2666 1511 2937 1572 homines
2981 1514 3360 1588 perditissimi
3404 1513 3480 1571 ab
3525 1529 3680 1572 anno
3727 1510 3840 1575 211
3894 1529 4080 1588 usque
4110 1512 4186 1569 ad

499 1637 553 1681 a.
614 1619 733 1681 192
775 1637 828 1681 a.
863 1620 999 1680 Chr.
1047 1616 1558 1689 vehementissime
1597 1612 1756 1673 cives
1803 1622 2110 1689 vexarunt,
2156 1622 2423 1690 spectare
2465 1629 2597 1673 cum
2639 1629 2746 1688 per
2788 1631 2855 1674 se
2898 1615 3090 1689 ipsum
3133 1624 3221 1676 est
3265 1614 3780 1688 verisimillimum,
3826 1622 3951 1675 tum
4006 1630 4179 1690 prop-

501 1731 657 1782 terea
707 1723 780 1782 de
823 1739 889 1783 ea
934 1737 999 1781 re
1043 1721 1142 1781 vix
1186 1718 1430 1778 dubium
1477 1731 1608 1777 esse
1651 1718 1859 1788 potest,
1904 1716 2060 1789 quod
2103 1716 2452 1791 scriptorem
2497 1717 2556 1775 in
2601 1716 2832 1793 epilogo
2876 1718 2936 1776 in
2979 1717 3321 1778 enarrandis
3367 1717 3544 1776 rebus
3587 1716 4179 1777 Lacedaemoniorum

499 1830 658 1883 certo
698 1824 953 1898 quodam
996 1838 1192 1882 rerum
1238 1820 1446 1880 ordine
1487 1833 1659 1877 usum
1704 1813 1991 1891 videmus,
2034 1833 2205 1891 quem
2248 1835 2442 1879 rerum
2486 1818 2773 1891 ordinem,
2805 1818 2857 1879 si
2893 1819 2968 1878 ab
3002 1819 3161 1878 omni
3198 1827 3363 1895 parte
3396 1825 3694 1879 servatum
3731 1835 3862 1879 esse
3891 1820 4182 1893 volumus,

499 1940 616 1984 non
669 1940 983 2000 possumus
1037 1925 1246 1995 l'acere,
1300 1920 1440 1995 quin
1496 1918 1691 1980 verbis
1744 1911 1837 1974 καί
1890 1913 1971 1984 εἰς
2023 1913 2284 1980 δουλείαν
2340 1917 2699 2000 μετέστησαν
2749 1929 3131 1997 tyrannorum
3174 1926 3437 1994 tempora
3481 1920 3794 1996 significari
3836 1928 4183 1982 statuamus.

500 2027 585 2085 Ad
632 2026 833 2085 eadem
884 2025 984 2085 illa
1029 2033 1292 2101 tempora
1337 2022 1511 2081 etiam
1556 2035 1621 2079 ea
1665 2027 1949 2099 spectant,
1995 2038 2145 2097 quae
2189 2025 2570 2099 praecedunt:
2618 2018 2719 2083 ὑπὸ
2760 2025 2877 2082 τῶν
2919 2018 3073 2080 ἰδίων
3115 2018 3362 2081 πολιτῶν
3407 2018 3931 2108 ἐτυραννεύθησαν;
3994 2041 4188 2099 neque

499 2128 654 2187 enim
716 2127 833 2186 alio
895 2135 1159 2202 tempore
1201 2120 1645 2184 Lacedaemonii
1712 2123 1788 2181 ab
1856 2122 2115 2200 ipsorum
2167 2127 2396 2186 civibus
2450 2127 2750 2202 tyrannice
2804 2125 2988 2186 habiti
3031 2132 3189 2198 sunt,
3239 2143 3428 2202 neque
3482 2129 3594 2189 nisi
3657 2129 3772 2190 illis
3816 2126 4185 2201 temporibus

502 2245 758 2304 unquam
806 2230 865 2288 in
911 2244 979 2288 ea
1022 2227 1365 2287 condicione
1406 2232 1544 2285 sunt
1588 2225 1824 2300 versati,
1869 2242 2020 2301 quae
2062 2229 2262 2288 eodem
2312 2229 2439 2289 iure
2481 2225 2710 2289 δουλεία
2753 2229 2866 2291 dici
2911 2227 3180 2303 potuerit.
3251 2229 3413 2299 Quae
3456 2240 3811 2307 sequuntur:
3858 2225 3950 2289 καί
3986 2247 4168 2312 παρα-

496 2329 723 2414 πλήσιοι
787 2335 903 2399 τοῖς
967 2326 1170 2397 ἄλλοις
1238 2329 1520 2411 γενόμενοι
1586 2320 1692 2405 τὴν
1754 2326 2003 2411 πρόσθεν
2054 2326 2315 2390 εὔκλειαν
2378 2330 2471 2393 καί
2526 2332 2845 2420 παρρησίαν
2900 2327 3179 2391 ἀπέθεντο
3232 2333 3307 2391 8(1
3367 2349 3435 2392 88
3479 2341 3762 2408 spectant,
3806 2350 3956 2410 quae
3998 2350 4178 2409 supra

498 2435 565 2515 (ξ
610 2434 694 2496 42
740 2435 894 2505 init.)
939 2434 1191 2509 scriptor
1236 2439 1570 2494 monuerat:
1620 2426 1905 2515 ἐπρώτευε
1949 2440 2058 2519 τῆς
2091 2432 2387 2506 Ἑλλάδος
2430 2437 2556 2499 κτλ.
2604 2458 2672 2500 88
2713 2440 2954 2498 deinde:
3001 2432 3298 2515 ἀλλ’ὅμως
3341 2430 3524 2503 οὓτως
3557 2431 3787 2517 ἔχοντες
3809 2439 3960 2517 (8811.
3984 2452 4174 2510 quan·

496 2554 670 2613 quam
722 2538 967 2614 Lycurgi
1034 2537 1224 2612 legum
1290 2538 1636 2596 auctoritate
1696 2540 1882 2614 magis
1940 2541 2241 2616 magisque
2305 2544 2611 2604 imminuta
2656 2541 2896 2602 avaritia
2949 2541 3298 2615 luxuriaque
3343 2539 3803 2615 irrumpentibus
3847 2539 4178 2615 principatu

496 2641 714 2700 amisso
782 2641 907 2715 ipsa
977 2645 1235 2714 potestas
1289 2638 1881 2700 Lacedaemoniorum
1948 2643 2132 2719 magis
2198 2645 2499 2720 magisque
2564 2645 2799 2719 infringi
2864 2650 3065 2718 coepta
3130 2643 3541 2716 sociorumque
3594 2642 3774 2701 animi
3838 2643 3911 2701 ab
3961 2643 4031 2702 iis
4076 2642 4183 2701 ab·

495 2742 732 2801 alienati
785 2741 978 2817 erant)
1033 2738 1180 2819 μετά
1229 2736 1338 2821 τὴν
1394 2736 1669 2802 Φιλίππου
1720 2745 1820 2803 τοῦ
1864 2738 2201 2813 Μακεδόνος
2244 2743 2306 2805 ἐν
2358 2746 2692 2834 Χαιρωνείᾳ
2726 2745 2884 2827 νίκην
2926 2747 3154 2805 πάντων
3198 2740 3364 2804 αὐτὸν
3419 2747 3534 2803 τῶν
3571 2741 3887 2827 Ἐλλήνων
3930 2743 4184 2826 ἡγεμόνα

499 2846 647 2903 κατά
689 2861 752 2902 τε
796 2847 903 2925 γῆν
948 2840 1041 2903 καί
1082 2843 1390 2905 θάλασσαν
1435 2845 1934 2932 ἀναγορευσάντων
1977 2848 2072 2910 καί
2116 2838 2336 2930 μεταξὺ
2381 2851 2430 2913 δ’
2444 2839 2838 2937 Ἀλέξανδρον
2881 2848 2977 2911 τὸν
3010 2848 3123 2911 υίόν
3160 2848 3306 2932 μετά
3335 2844 3442 2929 τὴν
3474 2845 3747 2930 Θηβαίων
3783 2846 4184 2934 καταστροφὴν

498 2948 651 3027 μόνοι
704 2943 1132 3028 Λακεδαιμόνιοι
1192 2949 1418 3034 (καίπερ
1476 2950 1788 3035 ἀτείχιστον
1840 2953 2003 3015 πόλιν
2056 2953 2288 3040 ἔχοντες
2340 2957 2432 3019 καὶ
2485 2958 2657 3040 ὀλίγοι
2709 2960 2857 3019 πάνυ
2913 2955 3071 3026 ὄντες
3119 2955 3212 3016 διά
3282 2949 3414 3024 τοὺς
3469 2959 3726 3038 συνεχεῖς
3764 2952 4050 3034 πολέμους
4092 2950 4184 3013 καὶ

496 3039 641 3106 πολὺ
686 3039 1085 3130 ἀσθενέστεροι
1133 3043 1225 3106 καὶ
1266 3044 1589 3131 εὐχείρωτοι
1631 3049 1940 3129 γενόμενοι)
1981 3053 2126 3111 πάνυ
2174 3048 2400 3137 βραχέα
2441 3052 2566 3114 τινά
2614 3053 2856 3136 ζώπυρα
2894 3048 3281 3120 διασώζοντες
3320 3054 3436 3132 τῆς
3480 3046 3804 3134 Λυκούργου
3849 3047 4187 3130 νομοθεσίας

498 3148 626 3213 οὔτε
670 3152 1159 3234 συνεστράτευσαν
1203 3148 1332 3211 οὔτε
1374 3150 1590 3220 τούτοις
1632 3149 1760 3213 οὔτε
1803 3159 1927 3226 τοῖς
1972 3143 2196 3236 μεταξὺ
2240 3154 2658 3230 Μακεδονικοῖς
2703 3154 3047 3240 βασιλεῦσιν,
3092 3152 3199 3216 οὔτ’
3241 3154 3323 3223 εἰς
3363 3152 3644 3240 συνέδριον
3681 3153 3860 3217 κοινὸν
3913 3152 4184 3238 εἰσῆλθον

497 3251 629 3317 οὐδὲ
680 3255 851 3340 φόρον
894 3254 1157 3338 ἤνεγκαν.
1248 3256 1738 3320 Lacedaemonios
1801 3262 1884 3319 ait
1935 3262 2095 3321 solos
2158 3279 2231 3322 ex
2283 3266 2560 3326 omnihus
2605 3263 2840 3323 Graecis
2886 3262 3155 3322 libertate
3198 3260 3474 3320 Graeciae
3518 3277 3707 3335 pugna
3751 3260 4184 3321 Chaeroneensi

497 3363 713 3423 amissa
763 3375 958 3439 ‘neque
1010 3363 1084 3420 ad
1132 3360 1464 3434 Philippum
1528 3376 1594 3419 88
1634 3363 1980 3437 applicasse,
2026 3380 2357 3440 quanquam
2404 3368 2658 3426 Graecae
2702 3365 2967 3423 civitates
3011 3363 3086 3422 ad
3131 3380 3305 3421 unam
3357 3377 3561 3421 omnes
3603 3363 3767 3421 illum
3813 3379 4178 3422 communem

498 3464 760 3524 omnium
830 3462 1038 3521 ducem
1109 3462 1569 3534 renuntiassent,
1635 3477 1824 3539 neque
1895 3475 2203 3541 postquam
2258 3469 2473 3529 Thebis
2529 3467 2741 3527 dirutis
2795 3467 2999 3525 Graeci
3057 3466 3267 3524 iterum
3324 3464 3575 3523 dicionis
3619 3465 3996 3523 Macedonum
4045 3464 4180 3522 18811

490 3572 706 3638 essent,
770 3580 901 3623 cum
957 3564 1292 3624 Alexandro
1345 3580 1411 3624 se
1459 3565 1834 3627 coniunxisse
1878 3585 2067 3643 neque
2112 3570 2203 3641 iis,
2256 3569 2354 3643 qui
2422 3578 2620 3644 postea
2669 3570 2937 3640 18188881,
2981 3567 3217 3642 regibus
3257 3566 3634 3624 Macedonum
3681 3567 3947 3640 paruisse
3993 3582 4186 3640 neque

493 3669 567 3727 ad
632 3680 941 3726 commune
1003 3666 1314 3726 concilium
1384 3667 1616 3727 venisse
1678 3683 1868 3742 neque
1920 3671 2202 3730 tributum
2259 3672 2525 3731 solvisse.
2615 3670 2853 3729 Minime
2908 3669 3086 3744 igitur
3137 3668 3243 3739 illi,
3299 3668 3579 3741 quamdiu
3633 3668 3884 3727 aliorum
3932 3668 4178 3742 imperio

493 3768 797 3828 audientes
859 3781 990 3825 esse
1053 3768 1420 3841 recusabant,
1485 3769 1618 3828 aliis
1663 3769 1941 3831 Graeciae
1994 3773 2265 3846 gentibus
2319 3773 2543 3833 similes
2598 3778 2784 3843 erant,
2841 3787 2973 3829 cum
3035 3770 3323 3831 libertatis
3390 3768 3636 3843 gloriam
3684 3770 3857 3829 etiam
3903 3769 4178 3829 universa

492 3870 730 3931 Graecia
777 3868 890 3928 881)
940 3874 1281 3941 potestatem
1328 3871 1708 3932 Macedonum
1754 3873 2010 3946 redacta,
2068 3873 2257 3947 quoad
2306 3873 2428 3931 fieri
2477 3880 2721 3949 poterat,
2768 3873 3050 3948 integram
3097 3887 3336 3931 servare
3375 3872 3699 3932 studerent.
3790 3872 3948 3941 Quae
3992 3886 4178 3945 quan·

491 3990 665 4049 quam
734 3987 839 4046 per
906 3969 1158 4043 speciem
1229 3971 1413 4045 magis
1483 3989 1656 4046 quam
1726 3990 1790 4033 re
1846 3990 1980 4034 vera
2039 3974 2258 4049 integra
2318 3977 2607 4041 manebat,
2664 3982 2858 4033 tamen
2912 3975 3023 4035 hac
3072 3974 3308 4049 quidem
3369 3989 3431 4033 re
3476 3973 3915 4034 Lacedaemonii
3971 3972 4179 4030 ceteris

490 4074 766 4135 Graeciae
810 4070 1084 4151 gentibus
1129 4073 1466 4146 superiores
1512 4081 1699 4149 erant,
1744 4075 1897 4135 inter
1939 4092 2086 4151 quas
2130 4077 2483 4137 excellerent
2522 4077 2719 4137 studio
2759 4077 3098 4137 retinendae
3128 4073 3437 4135 libertatis.
3504 4074 3619 4133 Sed
3660 4081 3964 4148 postquam
3993 4072 4180 4146 magis

490 4177 795 4252 magisque
846 4188 1041 4232 mores
1094 4189 1298 4231 eorum
1356 4174 1416 4233 in
1484 4176 1651 4250 peius
1704 4179 1917 4237 mutari
1971 4185 2109 4238 sunt
2159 4178 2347 4252 coepti
2406 4195 2472 4237 ac
2515 4179 2749 4255 tyranni
2795 4179 3041 4252 Spartae
3083 4178 3402 4237 extiterunt
3446 4177 3762 4236 crudeliter
3804 4172 4031 4233 civibus
4072 4172 4182 4231 im-

492 4284 781 4352 perantes,
823 4290 943 4335 non
990 4274 1141 4334 idem
1186 4275 1263 4334 de
1307 4276 1430 4336 illis
1476 4277 1591 4337 dici
1636 4278 1845 4353 potuit,
1890 4286 1948 4338 81
1990 4280 2090 4353 qui
2131 4281 2355 4356 legerit,
2391 4297 2540 4356 quac
2565 4281 2846 4357 Polybius
2878 4281 2951 4339 cle
2985 4282 3209 4338 1881888
3243 4278 3489 4339 Nabidis
3524 4278 3834 4355 tyrannide
3869 4275 4186 4335 memoriae

491 4378 768 4455 prodidit,
809 4375 1208 4436 condicionem
1256 4377 1870 4455 Lacedaemoniorum,
1917 4381 2110 4455 qualis
2152 4383 2263 4442 1811
2307 4382 2427 4443 11118
2471 4383 2857 4458 temporibus,
2904 4382 3030 4442 iure
3072 4381 3416 4441 servitutem
3456 4395 3702 4453 eamque
3735 4377 4174 4438 acerbissimam

488 4478 978 4550 durissimamque
1033 4478 1147 4537 dici
1203 4480 1468 4555 potuisse
1521 4496 1737 4557 negare
1790 4498 1907 4542 non
1964 4483 2195 4558 poterit.
2284 4483 2403 4545 Cl‘r.
2449 4483 2655 4561 Polyb.
2702 4484 2854 4560 Xlll,
2916 4484 2955 4545 6
3001 4530 3016 4545 .
3065 4529 3081 4545 .
3131 4528 3146 4545 .
3200 4481 3471 4563 θεμέλιον
3526 4485 3612 4543 811
3667 4482 3768 4541 1118
3824 4474 4184 4558 ὑπεβάλλετο

486 4585 594 4659 (88.
640 4573 850 4659 Νάβις)
892 4576 1261 4665 πολυχρονίου
1305 4579 1396 4643 καί
1444 4578 1679 4667 βαρείας
1719 4581 2059 4670 τυραννίδος.
2106 4582 2394 4671 διέφθειρε
2435 4585 2543 4673 γάρ
2586 4582 2718 4654 τοὺς
2763 4581 2991 4655 λοιποὺς
3033 4584 3214 4672 ἄρδην
3259 4585 3325 4648 ἐκ
3353 4595 3461 4671 τῆς
3488 4582 3788 4670 Σπάρτης,
3831 4578 4182 4666 ἐφυγάδευσε

483 4669 547 4734 δὲ
594 4668 745 4759 ,τοὺς
796 4671 945 4733 xatd
992 4671 1167 4735 πλέον
1216 4673 1448 4761 πλούτῳ
1504 4675 1878 4764 διαφέροντας
1927 4678 1968 4763 ἢ
2022 4666 2170 4763 δόξῃ
2224 4684 2541 4768 προγονικῇ,
2596 4680 2702 4750 τάς
2753 4677 2818 4743 δὲ
2860 4681 3074 4743 τούτων
3118 4680 3309 4751 οὐσίας
3351 4680 3446 4745 καὶ
3486 4686 3750 4765 γυναῖκας
3791 4674 4025 4738 διεδίδου
4067 4681 4184 4737 τῶν

484 4768 687 4832 ἄλλων
733 4773 849 4838 τοῖς
893 4767 1353 4854 ἐπιφανεστάτας
1395 4771 1487 4834 καὶ
1529 4780 1644 4845 τοῖς
1688 4774 2070 4862 μισθοφόροις.
2118 4777 2266 4840 οὗτοι
2311 4775 2511 4861 δ’ἠσαν
2557 4776 2884 4865 ἀνδροφόνοι
2927 4778 3021 4841 καί
3063 4776 3442 4864 παρασχίσται
3466 4774 3786 4840 λωποδύται
3825 4774 4177 4859 τοιχωρύχοι.

485 4863 738 4927 καθόλου
787 4864 895 4952 γάρ
945 4869 1110 4927 τοῦτο
1154 4864 1219 4927 τὸ
1269 4867 1430 4950 γένος
1470 4868 1783 4957 ἡθροίζετο
1837 4870 1979 4958 πρὸς
2020 4871 2190 4935 αὐτὸν
2235 4871 2524 4956 ἐπιμελῶς
2565 4873 2630 4938 ἐκ
2674 4882 2782 4961 τῆς
2824 4872 3175 4957 οἰκουμένης,
3226 4873 3306 4943 οἷς
3351 4871 3569 4957 ἄβατος
3608 4870 3681 4956 ἦν
3723 4871 3764 4955 ἡ
3805 4869 4074 4958 θρέψασα
4115 4868 4178 4930 δι’

486 4967 750 5052 ἀσέβειαν
794 4968 887 5032 καί
926 4971 1277 5059 παρανομίαν
1319 4973 1449 5036 κτλ.
1517 4977 1627 5037 Hic
1669 4978 1931 5054 alibique
1954 4978 2238 5056 Polybius
2285 4981 2669 5043 viridissimis
2714 4980 3014 5042 coloribus
3057 4980 3460 5043 miserandum
3506 4980 3593 5041 rei
3637 4979 3908 5056 publicae
3942 4984 4181 5055 statum,

483 5075 674 5150 qualis
719 5077 827 5137 1811
871 5078 991 5139 11118
1033 5084 1417 5155 tyrannorum
1462 5080 1847 5156 temporibus,
1892 5081 2176 5156 depinxit.
2264 5082 2413 5143 Num
2480 5085 2532 5145 is
2593 5084 2827 5144 videtur
2869 5081 3115 5142 nimium
3164 5082 3373 5159 facere,
3429 5083 3530 5158 qui
3573 5082 3733 5142 illam
3780 5081 4178 5141 condicionem

480 5174 740 5238 δουλείαν
804 5181 987 5243 fuisse
1047 5177 1228 5241 dicit?
1312 5182 1405 5241 An
1461 5181 1620 5241 illam
1683 5182 1871 5244 fuisse
1925 5200 2120 5244 veram
2167 5185 2535 5257 servitutem,
2580 5187 2905 5262 graviorem
2951 5200 3128 5258 quam
3174 5201 3324 5260 quae
3365 5186 3541 5246 etiam
3586 5202 3619 5245 a
3664 5184 3834 5243 victis
3877 5183 4186 5252 toleratur,

3771 5280 3840 5332 2·
