4725 5742
2268 1058 2445 1183 Π.

846 1321 1040 1379 Primo
1093 1317 1349 1392 Gierigio
1398 1316 1639 1376 libellus
1692 1317 1766 1376 de
1819 1315 2104 1376 institutis
2158 1313 2464 1374 Laconicis
2516 1313 2663 1374 satis
2710 1314 2922 1388 dignus
2975 1319 3065 1372 est
3120 1308 3306 1387 visus,
3361 1312 3421 1371 in
3474 1325 3590 1385 quo
3654 1310 3829 1385 paulo
3891 1310 4218 1369 accuratius

534 1423 907 1497 quaestiones
951 1420 1411 1480 instituerentur.
1499 1418 1685 1488 Quem
1728 1425 1793 1478 ut
1847 1431 1964 1476 non
2021 1414 2233 1474 iniuria
2280 1430 2422 1473 num
2475 1416 2764 1490 genuinus
2816 1421 2972 1475 esset
3025 1416 3137 1475 hoc
3174 1414 3520 1492 opusculum
3568 1413 3629 1471 in
3682 1412 3926 1472 dubium
3975 1428 4216 1472 vocasse

534 1532 860 1584 statuamus
917 1537 1156 1582 necesse
1208 1526 1316 1592 est,
1373 1520 1452 1578 ita
1505 1520 1776 1594 graviora
1829 1520 1883 1577 ei
1937 1518 2229 1577 afferenda
2287 1524 2455 1576 erant
2505 1524 2871 1592 argumenta,
2924 1518 3138 1591 quibus
3194 1517 3466 1577 libellum
3520 1530 3553 1573 a
3601 1514 3916 1573 Plutarcho
3959 1516 4213 1573 alienum

538 1641 668 1685 esse
720 1624 1050 1684 efficeretur
1092 1629 1152 1682 et
1194 1624 1351 1695 quod
1395 1623 1470 1681 de
1513 1621 1741 1695 origine
1784 1620 2052 1693 opusculi
2095 1621 2472 1679 statuendum
2514 1620 2760 1693 censuit,
2803 1620 2863 1679 in
2908 1635 2977 1679 eo
3023 1622 3198 1695 plane
3243 1620 3407 1679 illum
3459 1632 3690 1676 errasse
3733 1615 4085 1674 videbimus.

835 1760 919 1817 Ac
963 1761 1037 1819 de
1079 1757 1603 1834 Apophthegmatis
1647 1755 1882 1828 quidem
1931 1756 2007 1815 ita
2056 1756 2156 1814 ille
2205 1756 2342 1815 tulit
2396 1756 2697 1830 iudicium,
2763 1764 2829 1816 ut
2885 1755 3117 1830 Sopatri
3173 1755 3471 1829 sophistae
3523 1750 3930 1809 auctoritatem
3981 1757 4217 1809 secutus

536 1861 751 1920 librum
805 1863 1097 1935 quendam
1149 1861 1439 1921 nobilium
1498 1858 1760 1917 virorum
1827 1858 1971 1917 scite
2034 1858 2187 1917 dictu
2261 1860 2633 1919 exhibentem
2702 1876 2733 1918 a
2793 1858 3107 1918 Plutarcho
3178 1856 3572 1929 conscriptum
3641 1867 3772 1911 esse
3833 1852 4217 1919 existimaret,

538 1963 877 2036 praesertim
943 1979 1076 2022 cum
1141 1962 1404 2035 catalogo
1450 1959 1750 2019 Plutarchi
1817 1960 2194 2036 scriptorum,
2275 1961 2376 2035 qui
2443 1962 2514 2019 ad
2573 1960 2925 2036 Lampriam,
2995 1957 3292 2018 Plutarchi
3345 1957 3551 2027 filium,
3620 1955 3793 2029 vulgo
3836 1955 4217 2015 referebatur,

534 2065 677 2123 satis
722 2066 780 2123 id
825 2066 1268 2139 comprobatum
1312 2080 1444 2123 esse
1487 2063 1540 2121 ei
1590 2063 1903 2121 videretur.
1971 2063 2089 2133 Sed⁸
2131 2064 2271 2137 quid
2317 2066 2393 2123 de
2435 2065 2546 2123 hoc
2590 2064 2718 2122 loco
2749 2062 2944 2120 Photii
2988 2067 3144 2119 esset
3187 2059 3560 2120 iudicandum
3594 2075 3773 2133 supra
3811 2056 4085 2115 vidimus.
4153 2055 4218 2112 In

538 2166 843 2240 Lampriae
884 2175 1078 2226 autem
1125 2165 1408 2240 catalogo,
1478 2172 1543 2224 ut
1585 2164 2155 2239 Apophthegmatum
2209 2166 2629 2226 Laconicorum
2674 2173 2763 2224 est
2832 2164 3049 2222 mentio
3103 2165 3250 2222 sacta
3298 2162 3439 2238 (Csr.
3487 2162 3687 2236 Progr.
3745 2174 4008 2235 gymnas.
4057 2157 4218 2215 Wal-

534 2269 817 2343 denburg.
898 2267 1051 2327 1877
1100 2285 1156 2342 p.
1203 2267 1308 2342 2),
1375 2268 1452 2325 ita
1516 2267 1697 2325 huius
1767 2267 1950 2324 libelli
2016 2266 2253 2325 titulum
2323 2269 2581 2342 reperies
2632 2268 2805 2342 plane
2856 2265 3163 2324 omissum.
3253 2264 3367 2323 Sed
3422 2264 3666 2323 nimium
3720 2263 3908 2319 facere
3952 2275 4073 2330 eos,
4119 2260 4218 2333 qui

538 2371 626 2428 vel
688 2370 824 2428 inde
867 2370 1131 2444 spurium
1179 2385 1309 2428 esse
1352 2386 1483 2428 eum
1520 2370 1735 2428 vellent
1778 2367 2055 2441 colligere
2099 2369 2297 2428 docuit
2324 2369 2638 2445 Gierigius,
2685 2369 3086 2428 auctoritatem
3132 2375 3369 2427 secutus
3393 2364 3664 2435 Fabricii,
3709 2362 3807 2436 qui
3855 2363 4217 2433 „cavendum

535 2489 665 2532 esse
707 2479 926 2544 monet,
970 2488 1045 2532 ne
1089 2472 1221 2546 quis
1267 2472 1501 2530 silentio
1547 2471 1674 2530 eius
1720 2472 1826 2547 (sc.
1861 2471 2192 2545 Lampriae)
2238 2473 2460 2530 abusus
2506 2472 2875 2546 quorundam
2921 2469 3219 2528 Plutarchi
3265 2467 3601 2527 libellorum
3647 2464 3944 2525 αὑῦεντῖαν
3991 2466 4218 2539 impug-

535 2590 677 2633 nare
720 2574 936 2633 ausit“.
1024 2575 1168 2650 (Ct'r.
1217 2575 1371 2633 Gier.
1418 2574 1510 2632 cd.
1557 2588 1614 2646 p.
1676 2570 1771 2645 X.)
1888 2571 2030 2630 Nam
2101 2588 2232 2631 cum
2289 2573 2392 2631 illc
2440 2576 2740 2650 catalogus
2795 2573 3036 2631 mutilus
3090 2569 3340 2630 traditus
3382 2570 3479 2642 sit,
3526 2570 3700 2630 huius
3767 2569 3949 2629 libelli
4015 2568 4220 2625 titulus

536 2676 705 2734 facilc
750 2674 937 2749 potuit
979 2693 1107 2735 csse
1151 2676 1209 2735 in
1246 2690 1490 2734 numero
1536 2690 1761 2742 eorum,
1804 2674 1903 2747 qui
1950 2680 2277 2748 temporum
2313 2674 2522 2733 iniuria
2569 2676 3008 2735 interciderunt.
3098 2672 3400 2733 Praeterea
3434 2670 3532 2729 hic
3579 2672 3813 2731 libellus
3857 2670 4219 2746 apophtheg-

535 2785 751 2836 matum
800 2778 967 2838 libris
1021 2778 1398 2852 interpositus
1422 2785 1510 2838 est
1554 2784 1611 2835 et
1657 2784 1847 2850 potest
1880 2776 2198 2835 verisimile
2242 2776 2430 2835 videri
2466 2793 2619 2849 eum,
2666 2777 2767 2851 qui
2799 2777 3003 2835 titulos
3045 2775 3340 2835 Plutarchi
3385 2775 3736 2849 scriptorum
3787 2775 3844 2833 in
3891 2774 4219 2849 catalogum

536 2880 841 2954 redigeret,
888 2880 1026 2939 huic
1086 2880 1310 2949 libello,
1378 2880 1514 2938 item
1575 2880 1647 2936 ad
1695 2877 2184 2937 Lacedaemonios
2240 2880 2555 2953 pertinenti
2610 2895 2727 2938 non
2779 2878 3131 2954 peculiarem
3182 2878 3418 2937 titulum
3475 2876 3867 2950 inscripsisse,
3923 2878 4025 2936 scd
4074 2891 4219 2949 apo-

532 2980 970 3054 phthegmatum
1030 2980 1201 3039 titulo
1244 2982 1356 3038 hoc
1400 2997 1633 3054 quoque
1676 2978 2023 3054 opusculum
2072 2980 2331 3039 voluisse
2397 2981 2834 3056 comprehendi.
2945 2979 3094 3048 Quid
3161 2997 3298 3039 vero
3367 2979 3524 3054 quod
3592 2985 3656 3036 ut
3711 2979 3905 3039 locum
3948 2997 3980 3039 e
4027 2978 4214 3037 Photii

534 3085 887 3143 bibliotheca
930 3084 1172 3142 allatum
1221 3082 1443 3141 nullius
1490 3079 1768 3139 momenti
1811 3080 1886 3137 ad
1933 3080 2083 3138 hanc
2130 3099 2252 3140 rem
2299 3101 2431 3142 esse
2484 3101 2661 3158 supra
2719 3083 2996 3149 vidimus,
3063 3082 3141 3138 ita
3187 3082 3496 3157 Lampriae
3541 3080 3873 3155 catalogum
3920 3098 4033 3141 non
4083 3082 4216 3155 plus

534 3189 728 3246 valere
772 3188 1044 3246 sollerter
1086 3186 1284 3245 docuit
1327 3186 1396 3244 Α.
1445 3184 1721 3241 Schact‘er
1766 3183 1822 3240 in
1869 3198 1934 3241 ea
1980 3184 2487 3253 commentatione,
2533 3202 2705 3259 quam
2752 3183 2989 3258 scripsit
3031 3183 3103 3241 de
3147 3183 3298 3242 libro
3346 3184 3597 3242 vitarum
3646 3186 3844 3243 decem
3891 3191 4213 3242 oratorum.

534 3289 675 3353 (Cir.
726 3306 782 3363 p.
831 3287 961 3362 27.)
1048 3288 1157 3357 Qui
1206 3303 1394 3362 neque
1435 3287 1743 3359 Lampriae
1785 3284 2161 3343 tribuendum
2208 3302 2338 3345 esse
2385 3288 2552 3345 illum
2603 3285 2927 3358 catalogum
2987 3299 3178 3356 neque
3222 3285 3474 3358 denique
3519 3287 3701 3346 fuisse
3747 3304 3998 3360 unquam
4046 3285 4218 3342 Lam-

536 3390 741 3464 priam.
810 3389 1109 3450 Plutarchi
1154 3389 1338 3448 tilium
1402 3389 1547 3447 satis
1612 3386 1787 3446 certis
1829 3389 2192 3461 argumentis
2238 3388 2661 3462 comprobavit.
2751 3386 2894 3459 (Cfr.
2939 3387 3296 3453 Volkmann:
3347 3388 3426 3448 De
3471 3389 3623 3449 Plut.
3663 3389 3946 3448 Chacron.
3998 3389 4114 3446 vita
4159 3395 4216 3446 et

531 3493 764 3567 scriptis
808 3494 856 3565 1,
904 3511 960 3568 p.
1016 3490 1183 3567 108.)
1294 3491 1450 3548 ldem
1497 3490 1825 3563 catalogum
1898 3504 2017 3547 non
2088 3489 2273 3563 ipsius
2314 3489 2610 3549 Plutarchi
2674 3496 2863 3548 aetate
2917 3505 3105 3563 neque
3148 3490 3323 3564 paulo
3369 3497 3521 3565 post,
3567 3492 3669 3550 sed
3716 3491 3934 3550 §uidae
3978 3491 4212 3548 demum

532 3595 896 3668 temporibus
942 3610 1073 3655 esse
1116 3594 1442 3653 consectum
1490 3589 1548 3649 iu
1593 3589 1796 3646 eadem
1840 3591 2330 3650 commentatione
2375 3592 2502 3650 iure
2547 3592 2776 3650 videtur
2820 3592 3192 3650 contendere.

835 3728 998 3795 Quae
1042 3746 1175 3787 cum
1222 3729 1301 3787 ita
1344 3729 1464 3789 sint
1508 3742 1697 3799 neque
1742 3724 1896 3797 inde,
1941 3727 2098 3798 quod
2145 3725 2329 3785 libelli
2377 3727 2450 3784 de
2496 3727 2778 3787 institutis
2823 3727 3123 3787 Laconicis
3184 3726 3242 3784 in
3287 3725 3514 3790 Pseudo
3549 3763 3577 3774 -
3603 3729 3910 3806 Lampriae
3952 3729 4216 3801 catalogo

532 3827 690 3885 nulla
769 3829 989 3887 mentio
1073 3838 1162 3888 est
1216 3833 1388 3901 sacta,
1456 3845 1587 3888 cum
1660 3827 2037 3886 subditicium
2107 3843 2237 3887 esse
2311 3829 2446 3887 licet
2489 3830 2867 3901 concludere,
2936 3845 3125 3903 neque
3179 3826 3230 3889 si
3310 3834 3528 3892 mentio
3605 3834 3752 3893 sacta
3818 3839 3998 3901 esset,
4082 3830 4217 3887 inde

530 3928 853 4003 genuinum
901 3946 1034 3989 esse
1089 3948 1195 4005 pro
1242 3940 1400 3991 certo
1440 3931 1793 3998 efficeretur,
1848 3945 1977 3988 cum
2037 3944 2105 3989 eo
2159 3938 2441 4005 tempore,
2508 3947 2624 4004 quo
2695 3932 2849 3991 tituli
2905 3933 3188 3992 librorum
3242 3932 3538 3994 Plutarchi
3594 3935 3653 3994 in
3708 3934 4034 4008 catalogum
4079 3939 4216 3990 sunt

534 4032 773 4103 redacti,
821 4032 1009 4090 multa
1053 4034 1238 4092 fuisse
1283 4032 1497 4106 scripta
1548 4029 1860 4090 Plutarcho
1904 4031 2139 4090 subdita
2188 4032 2323 4091 inde
2368 4042 2728 4107 routpertum
2777 4036 3120 4107 babeamus,
3165 4036 3322 4110 quod
3368 4036 3428 4095 in
3461 4053 3593 4095 eum
3642 4035 3856 4110 recepti
3901 4040 4038 4092 sunt
4080 4032 4216 4091 libri

528 4132 656 4191 sine
702 4133 883 4193 dubio
929 4135 1139 4208 spurii,
1185 4135 1401 4208 quibus
1428 4133 1770 4193 inscribitur
1813 4132 1930 4208 „de
1975 4134 2197 4205 metris,
2243 4136 2316 4193 de
2360 4136 2575 4207 fluviis,
2622 4138 2831 4196 devita
2879 4146 2935 4196 ct
2979 4139 3141 4211 poesi
3176 4138 3440 4211 Homeri,
3487 4139 3562 4197 de
3591 4139 3774 4209 sato·‘,
3816 4136 3940 4207 alii,
3966 4150 4216 4208 quorum

528 4234 678 4293 tituli
726 4235 787 4295 in
829 4239 1095 4314 catalogo
1140 4238 1531 4313 reperiuntur.

831 4372 1123 4448 Gierigius
1201 4375 1349 4432 duas
1417 4372 1672 4430 maxime
1740 4371 1936 4430 attulit
1980 4388 2213 4443 causaS,
2275 4388 2458 4446 quare
2504 4374 2770 4433 libellum
2817 4375 2890 4433 de
2935 4375 3223 4435 institutis
3266 4376 3573 4435 Laconicis
3620 4374 3937 4433 Plutarcho
3984 4371 4216 4431 abiudi-

528 4472 777 4530 candum
826 4473 1205 4535 existimaret.
1278 4474 1579 4549 „Primum
1627 4473 1803 4544 enim,
1849 4473 2039 4547 inquit
2084 4475 2147 4552 (l.
2196 4491 2245 4534 c.
2297 4492 2349 4548 p.
2399 4474 2506 4547 x.),
2552 4476 2603 4534 si
2648 4476 2963 4536 Plutarcho
3007 4476 3322 4549 placuisset
3367 4479 3603 4552 proprio
3648 4478 3849 4537 libello
3902 4481 4216 4536 retractare

528 4574 672 4633 illud
716 4582 1145 4648 argumentum,
1189 4584 1452 4636 curasset
1497 4576 1651 4635 haud
1696 4575 1894 4647 dubie,
1941 4582 2004 4634 ut
2048 4576 2099 4635 is
2143 4576 2268 4635 sive
2312 4592 2345 4633 a
2392 4577 2581 4650 copia,
2619 4578 2744 4637 sive
2788 4578 2862 4638 ab
2895 4580 3014 4639 alia
3058 4595 3408 4653 quacunque
3439 4579 3654 4639 virtute
3683 4578 4214 4639 commendationis

527 4676 751 4750 aliquid
797 4677 1043 4737 haberet
1082 4696 1222 4753 prae
1265 4678 1512 4754 Lycurgi
1558 4678 1694 4737 vita.
1786 4679 1953 4738 Hunc
1997 4695 2137 4738 vcro
2163 4678 2429 4738 videmus
2473 4680 2620 4738 adeo
2665 4681 2812 4740 nihil
2851 4682 3149 4755 praecipui
3184 4682 3422 4754 habere,
3471 4689 3536 4739 ut
3581 4682 3775 4756 potius
3818 4681 4217 4755 imperfectior

526 4779 604 4836 sit
647 4778 849 4839 multis
893 4781 1155 4840 numeris
1201 4781 1510 4855 minusque
1553 4782 1888 4840 elaboratus
1933 4788 1991 4840 et
2036 4781 2389 4855 paucissima
2433 4783 2669 4855 babeat,
2723 4784 2940 4857 quibus
3005 4792 3199 4843 careat
3267 4783 3388 4843 illa.
3506 4784 3723 4844 Deinde
3767 4784 3926 4858 quod
3970 4783 4029 4841 in
4068 4798 4213 4856 apo-

525 4880 917 4955 phthegmatis
964 4882 1163 4941 notavi
1211 4897 1328 4941 non
1374 4886 1645 4959 exiguam
1691 4900 1894 4943 eorum
1938 4893 2161 4958 partem
2211 4886 2566 4945 verbotenus
2610 4886 3053 4959 transscriptam
3097 4901 3227 4946 esse
3270 4903 3343 4946 ex
3383 4888 3518 4947 aliis
3563 4887 3923 4959 auctoribus,
3961 4887 4018 4945 id
4049 4887 4206 4945 haud

525 4981 644 5040 scio
688 4998 762 5041 an
808 4985 993 5044 multo
1038 4984 1224 5060 magis
1268 4983 1341 5043 de
1384 4984 1495 5044 hoc
1538 4987 1822 5058 opusculo
1867 4987 1984 5046 dici
2055 4989 2262 5064 possit,
2326 4989 2494 5048 cuius
2549 4990 2675 5048 loca
2732 4989 2904 5063 longe
2955 4987 3210 5061 plurima
3279 4988 3486 5047 iisdem
3534 4990 3657 5048 sere
3698 4989 3943 5065 syllabis
3989 4989 4048 5048 in
4095 4990 4212 5048 vita

444 5114 448 5119 -
525 5084 773 5160 Lycurgi
818 5087 1076 5160 reperies
1118 5085 1322 5162 paucis
1370 5086 1464 5144 vel
1511 5086 1835 5147 immutatis
1872 5090 1961 5148 vel
2007 5092 2244 5151 aliunde
2288 5091 2650 5166 adspersis.“
2738 5089 2844 5149 His
2889 5088 3141 5148 maxime
3173 5089 3368 5148 causis
3412 5090 3622 5151 ductus
3660 5091 4038 5154 subditicium
4084 5109 4214 5152 esse

526 5185 788 5245 libellum
836 5186 909 5246 de
964 5188 1247 5249 institutis
1292 5186 1596 5248 Laconicis
1655 5190 1972 5250 contendit.
2061 5192 2229 5262 Quod
2280 5209 2417 5252 vero
2462 5193 2721 5252 dubitari
2778 5206 2951 5267 posse
2996 5191 3148 5250 idem
3195 5192 3337 5252 dicit
3378 5209 3495 5267 „an
3538 5195 3819 5255 credibile
3862 5195 3937 5255 sit
3985 5195 4217 5254 venisse
