4725 5742
2325 363 2369 427 9

500 573 626 633 sius
669 574 870 633 docuit
913 573 973 632 in
1015 589 1083 633 ea
1126 570 1637 644 commentatione,
1690 585 1865 644 quam
1909 569 2146 645 scripsit
2190 571 2264 629 de
2310 569 2474 630 hiatu
2524 570 2583 629 in
2627 568 2925 631 Plutarchi
2969 570 3291 632 Moralibus
3333 571 3549 647 (Bonn.
3601 570 3810 650 1864),
3856 573 3997 651 (etr.
4045 573 4194 634 Ben-

502 675 676 736 seler.
739 676 778 735 l.
825 692 877 738 c.
923 677 966 752 l,
1023 691 1079 749 p.
1137 671 1308 748 314),
1384 681 1579 734 tamen
1642 688 1763 732 non
1829 672 2025 731 omnia
2079 671 2318 746 scripta,
2389 673 2449 732 in
2495 673 2712 748 quibus
2754 672 2951 733 hiatus
2993 673 3315 747 offendunt,
3357 674 3434 734 ob
3478 675 3538 734 id
3584 674 3778 749 ipsum
3819 674 4020 748 spuria
4065 691 4196 736 esse

504 775 892 837 existimanda
958 776 1103 839 satis
1172 782 1351 851 patet,
1406 774 1648 834 minime
1700 789 1860 849 vero,
1920 773 1973 834 si
2027 787 2142 847 qua
2194 774 2413 848 scripta
2465 790 2582 833 non
2632 774 2707 833 ab
2752 773 2911 833 omni
2957 781 3121 848 parte
3164 775 3458 835 elaborata
3506 777 3577 835 ad
3626 793 3735 837 nos
3778 785 4196 850 pervenerunt.

505 879 658 939 Sane
728 879 966 952 quidem
1036 876 1309 954 plurima,
1376 891 1526 951 quae
1590 876 1650 935 in
1705 876 2000 936 Plutarchi
2043 875 2279 949 scriptis
2333 875 2711 936 inveniuntur
2774 876 3034 937 hiatibus
3085 876 3334 946 foedata,
3398 877 3599 951 spuria
3653 894 3785 938 esse
3836 878 4011 938 ctiam
4060 879 4192 939 aliis

509 980 872 1057 argumentis
915 979 1060 1040 satis
1110 980 1558 1055 comprobatum
1603 985 1712 1039 est.
1786 978 1901 1038 Sed
1946 979 2021 1038 de
2062 979 2176 1038 hoc
2220 978 2374 1037 libro
2418 993 2561 1037 cave
2604 992 2997 1053 praepropere
3038 984 3263 1037 statuas
3303 993 3377 1038 ex
3420 979 3565 1040 solis
3607 980 3888 1053 hiatibus,
3933 996 4083 1055 quos
4125 982 4188 1040 in

504 1083 709 1143 libello
774 1081 903 1142 sive
968 1081 1229 1141 nondum
1297 1079 1442 1140 satis
1508 1080 1810 1140 elaborato
1862 1079 1989 1140 sive
2050 1079 2329 1152 reliquias
2383 1079 2624 1140 maioris
2660 1080 2857 1155 operis
2899 1079 3216 1139 exhibente
3256 1081 3524 1141 excusari
3572 1098 3746 1157 posse
3789 1080 3983 1154 quivis
4027 1081 4198 1141 facile

503 1184 880 1246 concesserit.
964 1183 1128 1252 Quae
1194 1198 1327 1241 cum
1397 1182 1475 1240 ita
1528 1180 1669 1252 sint,
1721 1181 1837 1240 alia
1889 1196 2075 1256 eaque
2126 1182 2396 1256 graviora
2450 1188 2790 1257 argumenta
2838 1188 2977 1242 sunt
3018 1181 3337 1255 afferenda,
3382 1183 3600 1258 quibus
3639 1183 4021 1244 subditicium
4066 1200 4199 1244 csse

506 1288 617 1346 hoc
662 1285 1011 1361 opusculum
1057 1300 1167 1359 pro
1210 1290 1371 1343 certo
1414 1282 1740 1344 evincatur.

807 1436 1211 1496 Volkmannus
1276 1434 1347 1512 (1.
1394 1434 1434 1497 l.
1482 1434 1525 1495 1.
1570 1451 1630 1509 p.
1676 1430 1853 1509 235),
1895 1440 2208 1509 postquam
2268 1448 2473 1509 regum
2542 1443 2601 1495 et
2667 1435 3087 1510 imperatorum
3148 1432 3641 1509 apophthegmata
3684 1436 3998 1498 Plutarcho
4063 1455 4200 1501 csse

506 1541 896 1600 abiudicanda
963 1538 1078 1599 sibi
1133 1536 1364 1596 videtur
1406 1533 1902 1610 comprobavisse‚
1968 1533 2118 1593 nihil
2162 1533 2276 1593 iam
2324 1551 2476 1610 opus
2518 1542 2685 1611 putat
2724 1537 2798 1596 de
2841 1534 3125 1596 institutis
3167 1534 3489 1608 Laconicis,
3533 1543 3728 1597 utrum
3777 1542 4029 1614 genuina
4075 1540 4200 1600 sint

506 1658 690 1704 necne
732 1642 1053 1718 disputare,
1098 1653 1250 1713 quae
1288 1652 1407 1697 non
1453 1636 1647 1696 minus
1690 1650 1866 1708 quam
1910 1637 2402 1712 apophthegmata
2445 1653 2480 1696 a
2525 1637 2841 1698 Plutarcho
2886 1637 3060 1712 plane
3099 1637 3289 1698 aliena
3334 1652 3465 1697 esse
3507 1637 3666 1697 dicit.
3731 1639 3862 1714 lpse
3906 1642 3999 1714 iis,
4042 1657 4194 1716 quae

507 1744 800 1820 Gierigius
852 1743 1148 1816 attulerat,
1212 1739 1575 1816 argumentis
1628 1738 1774 1799 satis
1815 1739 2261 1811 comprobatum
2304 1738 2363 1798 id
2410 1755 2542 1801 esse
2585 1739 2902 1800 existimat.
2988 1738 3156 1813 Quod
3203 1753 3341 1798 vero
3385 1738 3653 1798 libellum
3699 1757 3731 1800 e
3776 1742 3894 1802 vita
3940 1742 4191 1818 Lycurgi

509 1854 786 1919 tanquam
851 1844 1013 1904 fonte
1075 1845 1354 1903 haustum
1420 1856 1553 1901 esse
1606 1840 1707 1899 ille
1759 1840 2056 1918 docuerat,
2127 1839 2265 1899 huic
2315 1842 2641 1902 sententiae
2686 1841 3086 1902 Volkmannus
3130 1841 3210 1901 ita
3254 1841 3527 1914 occurrit,
3573 1851 3638 1902 ut
3681 1843 3960 1904 extremis
4005 1843 4194 1904 libelli

507 1948 708 2008 verbis
770 1963 890 2007 non
952 1960 1128 2020 posse
1175 1958 1293 2004 non
1347 1942 1545 2017 colligi
1611 1941 1829 2002 diceret
1867 1959 1963 2004 res
2006 1959 2077 2004 eo
2122 1941 2322 2003 libello
2369 1951 2637 2005 narratas
2681 1951 2740 2004 et
2783 1944 2967 2003 vitam
3014 1943 3262 2020 Lycurgi
3312 1960 3386 2003 ex
3430 1949 3633 2007 eodem
3678 1946 3901 2005 maiore
3943 1947 4198 2020 quodam

507 2067 686 2127 opere
739 2050 814 2108 ad
878 2063 975 2108 res
1030 2044 1344 2104 Laconicas
1398 2044 1726 2118 pertinente
1773 2060 1904 2104 esse
1956 2045 2187 2120 petitas.
2274 2043 2512 2121 Legitur
2562 2047 2720 2107 enim
2778 2046 2838 2106 in
2892 2047 3034 2107 lnst.
3078 2045 3214 2106 Lac.
3266 2044 3307 2123 ἓ
3353 2045 3437 2106 42
3490 2048 3602 2108 sub
3647 2046 3747 2108 fin.
3796 2093 3811 2109 .
3855 2092 3871 2108 .
3918 2093 3935 2111 .
3983 2045 4096 2118 ἕως
4138 2046 4204 2109 οὗ

508 2153 858 2213 παντάπασίν
915 2143 1264 2233 ὑπεριδόντες
1314 2141 1422 2227 τὴν
1466 2142 1791 2229 Λυκούργου
1842 2145 2179 2227 νομοθεσίαν
2233 2139 2334 2205 ὑπὸ
2377 2150 2493 2207 τῶν
2533 2144 2687 2208 ἰδίων
2727 2145 2972 2209 πολιτῶν
3018 2143 3511 2233 ἐτυραννεύθησαν
3556 2145 3736 2233 μηδὲν
3780 2147 3860 2211 ἔτι
3904 2151 4201 2221 σώζοντες

506 2264 618 2342 τῆς
656 2254 889 2343 πατρίου
948 2253 1194 2335 ἀγωγῆς.
1268 2247 1361 2310 καί
1401 2246 1781 2335 παραπλήσιοι
1824 2255 1941 2320 τοῖς
1983 2248 2186 2317 ἄλλοις
2226 2250 2511 2331 γενόμενοι
2553 2249 2660 2335 τὴν
2701 2251 2948 2339 πρόσθεν
2993 2249 3255 2313 εὔκλειαν
3297 2250 3390 2314 καὶ
3430 2255 3747 2342 παρρησίαν
3790 2254 4067 2318 ἀπέθεντο
4109 2255 4203 2318 καὶ

511 2363 592 2433 εἰς
631 2361 893 2426 δουλείαν
939 2355 1297 2440 μετέστησαν
1342 2354 1436 2416 καί
1479 2359 1577 2415 νῦν
1622 2351 1724 2415 ὑπὸ
1759 2351 2068 2435 Ῥωμαίοις
2109 2352 2374 2440 καθάπερ
2419 2354 2469 2417 οἱ
2511 2356 2680 2420 ἄλλοι
2709 2357 3022 2442 Ἕλληνες
3062 2356 3335 2441 ἐγένοντο.
3397 2363 3551 2422 Haec
3595 2362 3773 2422 verba
3821 2363 3972 2423 sicut
4004 2371 4192 2424 totum

514 2470 808 2545 epilogum
850 2462 1304 2542 wyttenbachio
1370 2469 1709 2538 suspectum
1777 2475 1908 2520 esse
1958 2460 2149 2520 visum
2204 2460 2331 2521 iure
2377 2464 2630 2540 mireris,
2690 2481 2824 2526 cum
2867 2466 3162 2542 epilogum
3204 2481 3238 2524 a
3284 2466 3528 2541 reliquis
3571 2464 3756 2525 libelli
3805 2465 4069 2539 partibus
4116 2467 4194 2526 ita

510 2572 764 2646 differre,
850 2576 915 2628 ut
970 2564 1220 2626 diversis
1264 2565 1603 2624 auctoribus
1656 2562 1962 2622 tribuenda
2021 2564 2159 2639 sint,
2226 2564 2384 2625 haud
2442 2566 2612 2627 facile
2654 2567 2787 2641 quis
2831 2567 3318 2643 comprobaverit,
3362 2567 3542 2626 immo
3586 2567 3816 2626 dicendi
3859 2583 4072 2643 genere
4115 2569 4198 2628 ita

512 2676 666 2733 inter
708 2688 774 2733 se
816 2667 1206 2739 consentiant,
1248 2672 1315 2725 ut
1359 2666 1434 2725 ab
1479 2681 1597 2724 uno
1641 2669 1878 2724 auctore
1920 2671 2079 2725 totus
2128 2667 2363 2727 libellus
2409 2668 2677 2730 videatur
2720 2670 3035 2745 profectus,
3078 2669 3137 2729 id
3179 2671 3337 2745 quod
3382 2669 3559 2729 etiam
3602 2669 4005 2728 Volkmannus
4048 2685 4193 2729 con-

515 2775 668 2834 cedit
729 2773 874 2853 (Csr.
920 2771 961 2831 l.
1007 2769 1046 2828 l.
1092 2768 1143 2830 1.
1188 2783 1319 2843 pag.
1369 2766 1539 2842 239).
1627 2766 1826 2839 Neque
1891 2766 1969 2825 ob
2037 2768 2212 2829 aliam
2270 2786 2510 2830 causam
2565 2771 2660 2830 hic
2711 2772 2875 2832 locus
2928 2770 3435 2846 wyttenbachium
3492 2770 3750 2846 offendit,
3805 2785 3979 2843 quam
4040 2774 4199 2844 quod

510 2876 730 2935 librum
789 2870 1100 2933 Plutarcho
1172 2869 1549 2929 tribuendum
1623 2875 1724 2927 aut
1791 2884 1824 2926 e
1877 2868 2241 2930 Plutarcheis
2298 2873 2699 2948 conscriptum
2753 2889 2884 2933 oese
2928 2873 3172 2948 putabat
3212 2887 3415 2947 eaque,
3461 2888 3611 2947 quae
3653 2880 3791 2932 sunt
3837 2873 3896 2931 in
3940 2873 4194 2955 epilogo,

514 2977 808 3037 Plutarchi
875 2972 1242 3048 temporibus
1317 2970 1495 3030 scribi
1551 2986 1669 3029 non
1725 2971 1987 3045 potuisse
2039 2974 2093 3032 ci
2150 2972 2520 3034 videbantur.
2611 2975 2724 3034 Sed
2771 2976 3047 3049 quoniam
3102 2975 3248 3035 satis
3291 2974 3535 3034 dubium
3578 2989 3710 3034 esse
3754 2975 3871 3033 iam
3921 2975 4197 3039 vidimus,

510 3096 649 3139 num
693 3085 851 3138 essct
893 3077 1045 3136 liber
1087 3090 1226 3134 vere
1251 3071 1632 3131 Plutarcheus
1674 3087 1866 3145 neque
1910 3073 2033 3132 ullo
2076 3075 2220 3135 satis
2265 3085 2424 3135 certo
2466 3083 2807 3151 argumento
2852 3077 3144 3151 epilogum
3188 3075 3263 3134 ab
3307 3075 3488 3136 altera
3533 3091 3709 3134 manu
3756 3076 4021 3136 additum
4063 3093 4194 3137 esse

509 3181 773 3257 cogimur
851 3184 1127 3248 statuere,
1194 3177 1383 3234 facere
1428 3188 1546 3233 non
1592 3188 1928 3247 possumus,
1976 3182 2039 3233 ut
2082 3175 2532 3252 wyttenbachio
2574 3177 2978 3252 astipulemur.
3067 3176 3256 3250 Atque
3299 3192 3428 3236 eam
3473 3177 3661 3252 ipsam
3707 3185 3932 3252 partem
3979 3179 4184 3253 libelli,

508 3299 684 3357 quam
730 3282 829 3341 ille
855 3280 1020 3341 nullo
1048 3278 1174 3338 iure
1206 3276 1601 3351 temptandam
1633 3274 1859 3349 putavit
1891 3276 2132 3336 maximi
2157 3282 2433 3341 momenti
2456 3296 2587 3342 esse
2612 3279 2961 3351 videbimuS,
2992 3294 3110 3338 non
3139 3279 3352 3347 solum,
3383 3279 3456 3353 si,
3487 3287 3679 3340 utrum
3711 3281 3790 3340 sit
3815 3280 4197 3342 Plutarcheus

510 3384 748 3444 libellus
790 3398 999 3455 necne,
1043 3379 1384 3451 diiudicare,
1426 3378 1529 3438 sed
1573 3377 1769 3451 etiam,
1813 3379 1865 3439 si
1910 3385 2160 3455 tempus,
2196 3396 2313 3454 quo
2357 3383 2684 3468 consectum
2732 3381 2999 3440 videatur
3043 3396 3213 3454 opus,
3255 3381 3413 3441 unde
3456 3383 3736 3458 repetitae
3779 3381 3900 3441 sint
3940 3397 4035 3442 res
4078 3382 4194 3442 hoc

509 3486 712 3546 libello
753 3489 1245 3546 commemoratae
1285 3480 1596 3555 explorare
1637 3479 2011 3540 conabimur.

819 3604 1216 3664 Volkmannus
1273 3615 1339 3658 ea
1388 3601 1512 3675 ipsa
1560 3600 1761 3667 verba,
1805 3614 1956 3674 quae
1998 3600 2303 3659 offensioni
2353 3601 2534 3661 fuisse
2579 3601 3025 3677 wyttenbachio
3070 3602 3425 3676 monuimus,
3477 3604 3552 3662 ad
3587 3601 4006 3663 stabiliendum
4034 3605 4192 3679 quod

526 3708 662 3768 fecit
730 3707 1007 3766 iudicium
1076 3701 1291 3762 attulit.
1377 3702 1604 3772 Quibus
1670 3702 1868 3762 verbis
1920 3702 2002 3761 ait
2055 3701 2277 3776 liquido
2329 3717 2613 3777 apparere
2680 3705 2838 3764 hunc
2892 3704 3155 3764 libellum
3199 3720 3317 3765 non
3362 3722 3396 3765 a
3442 3705 3754 3765 Plutarcho
3796 3706 4192 3780 conscriptum

517 3826 667 3883 esse,
734 3825 924 3884 neque
982 3805 1136 3865 enim
1184 3803 1307 3863 ullo
1351 3804 1527 3863 modo
1570 3804 1868 3864 Plutarchi
1913 3804 2276 3881 temporibus
2321 3805 2720 3865 condicionem
2767 3805 3121 3866 Graecorum
3163 3807 3503 3867 servitutem
3547 3807 3663 3867 dici
3707 3807 3987 3882 potuisse,
4031 3809 4188 3882 quod

511 3912 639 3973 fieri
706 3917 871 3987 putat
936 3908 1131 3968 verbis
1184 3902 1277 3964 καὶ
1341 3903 1430 3976 είς·
1481 3902 1743 3966 δουλείαν
1797 3905 2153 3989 μετέστησαν
2217 3902 2310 3966 καί
2359 3909 2457 3965 νῦν
2503 3904 2604 3968 ὑπὸ
2637 3903 2944 3987 Ῥωμαίοις
2985 3906 3249 3993 καθάπερ
3291 3905 3341 3968 οἱ
3384 3906 3554 3970 ἄλλοι
3584 3908 3888 3991 Ἕλληνες
3925 3907 4203 3992 ἐγένοντο.

517 4016 917 4075 Volkmannus
963 4018 1134 4087 negat
1176 4011 1355 4071 verba
1400 4010 1492 4071 καί
1536 4009 1618 4078 εἰς
1657 4007 1919 4071 δουλείαν
1964 4009 2321 4093 μετέστησαν
2362 4015 2436 4073 ad
2468 4013 2765 4074 Plutarchi
2807 4022 3071 4090 tempora
3113 4014 3236 4075 ullo
3279 4021 3449 4090 pacto
3492 4016 3697 4077 referri
3742 4031 3934 4090 posse,
3977 4015 4194 4091 quibus

511 4118 875 4193 temporibus
926 4113 1326 4173 condicionem
1371 4115 1726 4175 Graecorum
1785 4131 2149 4191 nequaquam
2194 4118 2536 4178 servitutem
2580 4116 2693 4176 dici
2742 4116 3021 4191 potuisse,
3065 4116 3125 4174 id
3166 4118 3326 4191 quod
3374 4133 3495 4178 non
3537 4117 3855 4178 concedere
3895 4133 4014 4177 non
4057 4133 4196 4192 pos-

511 4238 737 4294 sumus,
780 4237 913 4279 cum
938 4216 1190 4277 Graecas
1234 4217 1499 4277 civitates
1532 4232 1701 4276 suam
1745 4217 2070 4278 libertatem
2115 4220 2289 4281 etiam
2312 4219 2762 4295 imperatoribus
2797 4218 3018 4279 Romae
3044 4219 3424 4295 regnantibus
3445 4219 3876 4294 quodammodo
3910 4218 4195 4294 integram

506 4329 564 4381 et
617 4322 921 4382 infractam
975 4334 1361 4381 conservasse
1414 4320 1651 4379 disertis
1706 4325 1968 4378 veterum
2020 4321 2374 4396 scriptorum
2426 4319 2778 4380 testimoniis
2834 4329 3195 4396 compertum
3240 4323 3563 4383 habeamus
3605 4321 3975 4394 maximeque
4018 4320 4197 4380 Lace·

508 4423 870 4497 daemonias,
916 4422 1020 4497 qui
1062 4423 1253 4482 deleta
1298 4423 1609 4483 universae
1632 4420 1910 4481 Graeciae
1954 4421 2223 4482 libertate
2266 4430 2399 4498 post
2443 4437 2698 4497 pugnam
2729 4421 3260 4499 Chaeroneensem,
3301 4441 3433 4485 cum
3462 4438 3667 4483 omnes
3696 4422 3772 4481 ad
3805 4422 4186 4482 Macedonum

508 4542 676 4602 reges
741 4542 808 4586 se
874 4524 1172 4599 applicare
1235 4532 1605 4601 cogerentur,
1670 4522 1926 4599 speciem
1971 4525 2265 4597 quandam
2331 4525 2616 4600 pristinae
2668 4521 2958 4584 libertatis
3009 4533 3410 4599 servaverant,
3469 4525 3770 4585 moderate
3824 4539 3859 4583 a
3911 4523 4194 4583 Romanis

507 4626 745 4688 habitos
786 4641 919 4687 esse
960 4625 1106 4685 satis
1150 4626 1324 4687 nobis
1366 4627 1669 4703 cognitum
1713 4625 1810 4686 sit.

809 4746 972 4816 Quae
1013 4761 1145 4804 cum
1190 4745 1269 4805 ita
1313 4746 1453 4820 sint,
1499 4762 1615 4821 quo
1660 4745 1893 4804 tandem
1925 4750 2188 4817 tempore
2219 4742 2625 4803 Volkmannus
2656 4744 2781 4803 vult
2805 4744 3297 4806 Lacedaemonios
3327 4745 3387 4805 in
3414 4744 3757 4806 servitutem
3787 4745 4187 4805 Romanorum

507 4847 782 4922 delapsos
836 4843 1006 4907 esse?
1089 4847 1179 4906 An
1233 4854 1366 4922 post
1419 4847 1763 4908 Corinthum
1821 4862 1855 4904 a
1900 4845 2181 4907 Mummio
2238 4840 2534 4907 deletam?
2619 4844 2768 4906 Num
2812 4848 3001 4922 potuit
3043 4863 3118 4908 ex
3161 4846 3264 4907 illo
3303 4852 3568 4921 tempore
3611 4847 3966 4907 Graecorum
4008 4845 4190 4904 Lace-

506 4949 1065 5025 daemoniorumque
1106 4949 1372 5010 condicio
1417 4949 1604 5025 magis
1646 4949 1758 5008 dici
1804 4948 2058 5010 servitus
2102 4964 2278 5023 quam
2300 4946 2601 5008 Plutarchi
2650 4945 3057 5026 temporibus?
3125 4950 3312 5011 Immo
3356 4963 3497 5010 vero
3541 4950 3715 5008 etiam
3761 4954 3894 5022 post
3935 4948 4188 5007 deletam

505 5051 852 5111 Corinthum
896 5051 1147 5112 Graecas
1199 5050 1466 5111 civitates
1519 5050 1580 5109 in
1633 5050 1758 5110 suis
1814 5051 1991 5112 rebus
2034 5049 2518 5110 administrandis
2559 5052 2830 5114 libertate
2869 5054 3124 5126 quadam
3166 5067 3308 5112 usas
3350 5067 3484 5114 osse
3526 5057 3790 5112 veterum
3835 5048 4190 5124 scriptorum

507 5154 861 5215 testimoniis
903 5153 1271 5231 exploratum
1317 5152 1493 5213 nobis
1537 5159 1626 5214 est
1667 5151 1813 5228 (Csr.
1858 5152 2023 5214 Caes.
2067 5153 2207 5213 bell.
2252 5153 2366 5214 civ.
2411 5151 2536 5223 3‚5.
2624 5155 2870 5230 Appian.
2916 5154 3175 5217 Mithrid.
3221 5152 3352 5233 58).

3790 5246 3823 5297 2
