4725 5742
2327 439 2370 502 7

804 653 974 724 Quod
1017 668 1135 728 quo
1178 653 1365 729 magis
1407 658 1707 729 appareat,
1749 649 2076 723 videamus,
2119 663 2236 722 quo
2280 646 2490 708 ordine
2530 646 2764 723 singula
2807 648 2963 723 apud
3008 654 3324 723 utrumque
3365 648 3692 727 composita
3733 649 3879 710 sint.

1414 760 1558 823 lust.
1604 760 1741 821 Lac.
3080 758 3200 818 vita
3243 757 3383 835 Lyc.

1418 876 1476 955 1,
1524 876 1587 953 2,
1631 875 1674 939 3
1847 908 1930 923 —-·
2103 907 2185 918 —
2358 906 2441 917 —
2615 907 2697 918 —
2873 907 2955 918 —
3127 892 3181 938 c.
3230 872 3336 939 12.

1325 879 1367 1068 ἓ
1409 987 1475 1066 4,
1516 987 1581 1066 5,
1624 986 1666 1051 6
1837 1019 1919 1031 -
2095 1017 2177 1029 -
2352 1017 2435 1028 —
2608 1016 2691 1028 --
2866 1017 2948 1028 —
3120 1002 3175 1046 c.
3224 980 3325 1047 16.

1327 1099 1368 1178 ξ
1418 1095 1519 1173 12,
1568 1095 1648 1160 13
1844 1130 1926 1141 -
2099 1128 2181 1139 -
2357 1127 2440 1138 -
2613 1128 2696 1143 --
2870 1128 2952 1139 -·
3123 1111 3174 1156 c.
3225 1089 3328 1159 17.

1326 1210 1367 1288 g
1419 1206 1520 1284 14,
1567 1205 1668 1284 15,
1718 1204 1800 1270 16
1844 1240 1926 1251 -
2101 1238 2184 1249 —-
2358 1238 2442 1249 —
2614 1238 2696 1249 —
2870 1238 2952 1249 —
3125 1221 3179 1268 c.
3223 1200 3332 1268 21.

1586 1351 1669 1363 --
1841 1350 1923 1361 -
2099 1349 2181 1360 -
2356 1349 2439 1360 -
2613 1348 2695 1359 -
2871 1347 2954 1358 --
3127 1331 3179 1377 c.
3226 1311 3333 1379 27.

1326 1320 1368 1508 ἓ
1418 1316 1518 1504 ig,
1559 1424 1645 1489 20
1840 1461 1922 1472 -
2098 1460 2177 1470 -
2354 1461 2436 1471 —-
2611 1458 2693 1469 —
2868 1458 2950 1469 —
3123 1442 3175 1487 c.
3221 1420 3326 1487 27.

1328 1540 1370 1619 ξ
1415 1536 1500 1601 29
1589 1572 1670 1583 -
1845 1572 1927 1583 -·
2101 1571 2183 1582 -
2359 1570 2441 1581 -
2616 1569 2698 1580 -
2874 1570 2955 1579 -
3129 1553 3182 1600 c.
3228 1533 3335 1599 28.

1328 1650 1369 1729 ξ
1415 1646 1502 1712 34
1587 1683 1669 1694 -
1843 1681 1925 1692 -
2101 1682 2182 1691 -
2357 1682 2440 1693 -
2614 1680 2696 1691 —
2871 1679 2953 1694 --
3125 1664 3178 1709 c.
3229 1643 3330 1711 14.

1845 1900 1928 1911 -
2104 1901 2186 1912 ..
2362 1901 2444 1911 -
2618 1901 2701 1912 ,.
2873 1902 2955 1913 ...
3129 1754 3335 1931 3:33:

847 2008 1070 2080 Quodsi
1114 2007 1378 2068 libellum
1423 2020 1457 2065 e
1499 2004 1765 2080 Lycurgo
1812 2004 2027 2078 partim
2072 2006 2467 2080 conscriptum
2514 2020 2646 2065 esse
2687 2012 2983 2080 putamus,
3025 2020 3218 2079 neque
3259 2021 3364 2065 cur
3417 2009 3565 2068 ordo
3601 2007 4085 2070 Plutarcheorum
4129 2011 4207 2070 ita

518 2114 596 2172 sit
664 2118 1061 2171 commutatus
1105 2124 1296 2184 neque
1348 2123 1454 2167 cur
1489 2104 1836 2165 Plutarchea
1881 2105 2091 2167 alienis
2134 2106 2425 2181 permixta
2463 2106 2584 2166 sint
2626 2106 2884 2182 intellegi
2933 2112 3142 2181 potest,
3185 2122 3320 2166 cum
3362 2109 3707 2184 scriptorem
3750 2118 3911 2171 certo
3955 2113 4209 2185 quodam

511 2213 760 2273 consilio
802 2212 863 2272 in
907 2213 1086 2273 rebus
1130 2212 1243 2271 hoc
1284 2208 1492 2271 ordine
1533 2206 1875 2280 compositis
1918 2223 2090 2267 usum
2136 2223 2267 2267 esse
2312 2207 2620 2281 probabile
2663 2207 2812 2268 esiici
2856 2215 3128 2282 nequeat.

811 2313 1159 2389 Quanquam
1204 2312 1297 2372 vel
1342 2326 1415 2370 ex
1462 2308 1576 2376 his,
1609 2322 1760 2382 quae
1801 2307 2252 2383 disputavimus,
2296 2310 2445 2369 satis
2489 2309 2738 2371 dubium
2804 2324 2938 2370 esse
2979 2316 3158 2384 patet,
3188 2325 3327 2369 num
3365 2309 3843 2386 recteGierigius
3877 2313 3951 2373 de
3981 2313 4207 2388 origine

508 2416 707 2477 libelli
765 2415 1132 2488 iudicaverit,
1175 2413 1446 2490 graviora
1488 2416 1856 2485 argumenta,
1901 2408 2136 2483 quibus,
2176 2411 2334 2484 quod
2379 2410 2479 2471 ille
2522 2411 2746 2484 statuit,
2785 2411 3026 2471 omnino
3067 2411 3389 2485 refellatur,
3433 2412 3584 2472 intra
3629 2412 3960 2475 afferemus,
4012 2415 4096 2473 Ac
4133 2430 4208 2475 ue

509 2520 570 2578 in
635 2534 706 2578 eo
775 2518 1032 2594 quidem,
1098 2515 1257 2591 quod
1323 2515 1398 2573 de
1460 2511 1749 2586 scriptore
1812 2511 1943 2584 ipso
1994 2513 2221 2572 censuit
2275 2513 2674 2584 iudicandum,
2727 2513 2872 2572 satis
2931 2513 3033 2574 ille
3073 2512 3188 2574 sibi
3230 2520 3478 2575 constat.
3564 2514 3710 2574 Nam
3754 2530 3885 2573 cum
3929 2514 4193 2574 Rualdus

510 2619 837 2694 Lampriae,
900 2619 975 2678 de
1026 2633 1144 2693 quo
1196 2615 1337 2691 quid
1401 2612 1776 2674 statuendum
1837 2619 1992 2672 esset
2045 2628 2225 2688 supra
2269 2614 2545 2688 vidimus,
2621 2613 2868 2673 Vossius
2912 2613 3013 2673 alii
3058 2614 3369 2674 Plutarcho
3436 2615 3670 2689 minori,
3738 2615 3907 2675 cuius
3963 2615 4197 2675 Tzetzes

510 2721 647 2781 fecit
689 2721 1065 2790 mentionem,
1111 2717 1378 2777 libellum
1423 2717 1496 2775 de
1539 2713 1821 2774 institutis
1868 2714 2167 2774 Laconicis
2211 2716 2578 2789 tribuissent,
2622 2714 2733 2790 ipsi
2778 2713 3036 2790 Gierigio
3082 2722 3292 2791 „pater
3334 2716 3574 2790 quidam
3619 2717 3876 2776 familias
3920 2718 4197 2777 autlitte-

511 2836 711 2881 rarum
781 2820 1099 2895 magister“
1168 2835 1300 2878 eum
1368 2817 1601 2876 videtur
1660 2815 2102 2890 conscripsisse.
2189 2816 2375 2886 Quam
2441 2818 2811 2891 sententiam,
2874 2831 2991 2892 quo
3044 2816 3356 2890 stabiliret,
3420 2818 3655 2878 nonnisi
3708 2834 3798 2891 ea,
3853 2834 4004 2892 qnae
4047 2819 4199 2879 scire

511 2940 727 2999 pueros
781 2926 1107 2997 interesset,
1162 2937 1196 2982 e
1237 2919 1486 2996 Lycurgi
1541 2917 1657 2975 vita
1716 2917 1894 2990 petita
1937 2934 2069 2977 esse
2109 2919 2428 2992 contendit,
2471 2919 2607 2991 alia,
2651 2935 2803 2995 quae
2844 2919 2996 2979 scire
3043 2918 3176 2979 illos
3222 2919 3419 2980 minus
3472 2919 3783 2980 interesset
3825 2936 4018 2995 neque
4071 2909 4202 2980 usui

511 3034 665 3087 esset
707 3026 880 3095 scire,
920 3024 1079 3083 velut
1120 3023 1276 3097 legas
1319 3020 1394 3079 de
1437 3018 1678 3092 nuptiis,
1722 3018 1796 3078 de
1837 3019 2214 3093 procreandis
2259 3019 2480 3082 liberis.
2523 3021 2655 3080 aliis
2697 3023 2876 3081 rebus
2919 3022 3090 3094 latas,
3134 3037 3199 3081 es
3226 3037 3291 3082 se
3334 3022 3573 3083 omissa.
3661 3021 3913 3084 Puerilis
3966 3023 4203 3096 quidem

512 3128 801 3188 sententia
845 3133 901 3186 et
945 3142 1151 3201 parum
1193 3124 1391 3199 digna,
1438 3121 1531 3180 cui
1578 3120 1722 3178 fides
1763 3119 2072 3193 habeatur,
2115 3120 2167 3178 si
2216 3120 2456 3193 quidem
2502 3123 2704 3196 multa,
2748 3139 2901 3198 quae
2942 3122 3214 3197 cognosci
3257 3138 3377 3182 non
3419 3123 3617 3184 minus
3653 3124 3983 3195 interesset,
4015 3139 4190 3197 quam

513 3246 663 3304 quae
704 3231 817 3289 hoc
865 3227 1067 3287 libello
1119 3231 1456 3295 narrantur,
1519 3222 1686 3281 vides
1729 3222 1968 3281 omissa.
2056 3221 2250 3291 Quare
2292 3239 2423 3281 cuni
2473 3240 2546 3283 ne
2589 3223 2649 3282 in
2691 3223 2802 3283 hac
2845 3224 3080 3297 quidem
3118 3239 3181 3283 re
3221 3224 3569 3299 scriptorem
3611 3234 3835 3286 certum
3889 3226 4200 3285 consilium

512 3332 679 3407 sequi
733 3331 1061 3399 videamus,
1127 3328 1254 3386 iure
1315 3324 1704 3384 dubitandum
1762 3328 1870 3394 est,
1934 3340 2078 3382 num
2141 3332 2298 3383 recte
2353 3324 2645 3400 Gierigius
2697 3325 3061 3387 iudicaverit.
3147 3326 3459 3387 Praeterea
3514 3326 3833 3399 Gierigium
3885 3326 4076 3401 ipsum
4121 3329 4202 3386 ita

510 3433 789 3493 statuisse
829 3430 1234 3506 cognovimus,
1278 3433 1344 3486 ut
1391 3424 1592 3483 multis
1636 3425 1902 3497 partibus
1948 3424 2213 3484 libellum
2260 3425 2746 3501 imperfectiorem
2795 3435 3023 3501 putaret
3069 3444 3244 3502 quam
3288 3428 3469 3487 vitam
3512 3424 3775 3501 Lycurgi.
3881 3428 4014 3502 Ipse
4057 3445 4199 3506 neg-

508 3533 913 3611 legentissime
955 3533 1017 3591 in
1060 3528 1483 3590 conscribendo
1528 3527 1873 3598 scriptorem
1919 3541 2050 3585 csse
2094 3533 2388 3585 versatum
2435 3527 2632 3587 docuit
2675 3526 2820 3601 (Ct'r.
2852 3529 2892 3587 l.
2927 3544 2978 3589 c.
3016 3546 3072 3603 p.
3103 3531 3209 3601 x.).
3303 3529 3503 3602 ltaque
3559 3544 3768 3602 parum
3813 3529 3928 3589 sibi
3973 3539 4202 3591 constat

512 3635 825 3711 Gierigius,
871 3633 970 3707 qui
1014 3632 1388 3706 neglegenter
1431 3629 1644 3688 librum
1693 3634 2003 3687 consutum
2047 3643 2180 3687 esse
2225 3628 2566 3702 profiteatur
2609 3630 2885 3704 idemque
2928 3631 3179 3691 eundem
3225 3630 3441 3689 librum
3482 3644 3514 3687 a
3541 3631 3822 3705 magistro
3870 3631 4196 3693 litterarum

515 3737 574 3795 in
626 3752 797 3795 usum
853 3749 1169 3808 puerorum
1227 3733 1550 3792 consectum
1607 3746 1737 3789 esse
1780 3730 2113 3789 contendat.
2202 3730 2344 3790 Nam
2393 3730 2491 3789 vix
2537 3738 2729 3806 potest
2772 3732 3017 3792 dubium
3064 3746 3214 3803 esse,
3268 3731 3411 3806 quin
3456 3731 3527 3803 is,
3571 3731 3671 3805 qui
3718 3733 3996 3808 magister
4040 3735 4197 3794 litte-

515 3853 715 3897 rarum
760 3833 1111 3909 opusculum
1156 3832 1217 3891 in
1260 3849 1434 3892 usum
1477 3832 1898 3906 discipulorum
1945 3831 2321 3890 conscribere
2364 3832 2423 3890 in
2468 3832 2730 3893 animum
2778 3835 3123 3904 induxisset,
3168 3832 3326 3892 omni
3370 3832 3566 3892 studio
3613 3833 3671 3891 id
3714 3834 3891 3893 suerit
3934 3844 4203 3910 acturuS,

514 3948 579 4000 ut
614 3940 835 3999 librum
878 3950 1198 4012 puerorum
1245 3935 1520 3994 manibus
1563 3933 1915 3993 destinatum
1963 3931 2150 4007 magis
2197 3940 2528 4003 venustum,
2561 3937 2827 4010 politum,
2868 3942 3025 3996 certe
3053 3934 3239 4009 magis
3266 3934 3492 3994 ratione
3532 3937 3785 4008 quadam
3810 3937 4197 4011 compositum

514 4041 824 4103 conticeret
865 4046 923 4099 et
964 4035 1304 4110 diligentius
1348 4035 1711 4093 elaboratum
1757 4049 2072 4108 puerorum
2123 4034 2397 4093 manibus
2439 4038 2718 4098 traderet.

818 4143 981 4213 Quae
1030 4153 1162 4197 cum
1217 4136 1296 4195 ita
1350 4136 1469 4194 sint
1519 4135 1871 4194 reiciendam
1925 4150 2234 4195 censemus
2279 4135 2518 4211 Gierigii
2563 4139 2953 4199 coniecturam
3004 4143 3068 4196 ut
3113 4152 3320 4211 parum
3371 4137 3744 4197 verisimilem
3792 4154 3980 4212 neque
4023 4138 4198 4197 dubi·

517 4253 710 4304 tamus
753 4242 1108 4304 contendere
1144 4240 1245 4300 vix
1288 4237 1538 4298 inveniri
1584 4252 1759 4311 posse
1799 4243 2228 4312 argumentum,
2273 4252 2391 4310 quo
2436 4255 2502 4297 ea
2542 4242 2829 4300 sententia
2865 4257 2937 4300 ex
2959 4240 3155 4313 aliqua
3189 4239 3397 4299 saltem
3435 4246 3600 4313 parte
3627 4239 3812 4312 possit
3842 4240 4194 4300 confirmari.

526 4345 794 4404 Ceterum
839 4344 991 4402 hanc
1033 4341 1273 4417 Gierigii
1317 4341 1391 4399 de
1434 4338 1660 4415 origine
1702 4339 1879 4398 huius
1921 4338 2191 4413 opusculi
2234 4341 2584 4401 sententiam
2630 4359 2747 4402 non
2791 4351 2979 4402 ortam
3026 4356 3156 4401 esse
3201 4348 3357 4416 patet
3387 4341 3502 4401 nisi
3539 4341 3694 4410 inde,
3733 4342 3891 4414 quod
3923 4358 4194 4415 magnam

524 4452 747 4520 partem
806 4443 1163 4516 exscriptum
1207 4442 1265 4500 id
1309 4458 1440 4501 esse
1485 4448 1718 4516 putaret
1761 4456 1792 4499 e
1836 4440 1953 4499 vita
1995 4440 2265 4515 Lycurgi,
2310 4442 2478 4502 cuius
2522 4444 2607 4503 rei
2674 4451 2904 4519 praeter
2947 4443 3260 4504 verborum
3305 4442 3746 4502 similitudinem
3792 4450 4198 4519 argumentum

519 4547 716 4606 attulit
757 4545 1007 4606 nullum.

822 4646 1035 4706 Rualdi
1096 4646 1404 4719 sententia,
1475 4661 1646 4719 quem
1704 4643 2030 4717 Lampriae,
2095 4642 2394 4703 Plutarchi
2461 4646 2602 4717 filio,
2668 4647 2826 4707 hunc
2878 4647 3144 4708 libellum
3195 4647 3475 4706 tribuisse
3527 4645 3882 4716 videramus,
3928 4646 4184 4719 aliquam

518 4732 756 4825 quidein
802 4754 1023 4823 partem
1069 4749 1337 4807 excusari
1384 4754 1595 4823 potest,
1639 4747 1807 4806 cuius
1852 4746 1963 4805 viri
2008 4747 2394 4820 temporibus,
2440 4764 2579 4807 num
2628 4749 2833 4810 suisset
2878 4750 3200 4826 Lamprias,
3245 4746 3701 4823 praeclarissimi
3743 4747 3906 4807 illius
3943 4747 4194 4807 Chaero-

520 4852 755 4913 neensis
809 4849 989 4922 flliuS,
1034 4849 1293 4908 nondum
1340 4851 1400 4909 in
1468 4849 1710 4909 dubium
1767 4853 1921 4908 esset
1973 4855 2265 4908 vocatum.
2353 4849 2460 4908 Cui
2515 4849 2821 4926 Lampriae
2871 4867 3002 4911 cum
3056 4851 3355 4924 catalogus
3407 4849 3785 4918 tribueretur,
3849 4850 4018 4908 facile
4069 4849 4193 4909 fieri

524 4953 731 5025 potuit,
774 4959 840 5010 ut
882 4951 1019 5010 libri
1061 4952 1258 5010 minus
1302 4952 1584 5011 elaborati
1630 4951 1867 5024 quique,
1920 4957 1986 5010 ut
2027 4951 2533 5026 Apophthegmata
2579 4960 2638 5011 et
2681 4952 2948 5011 Instituta
2996 4951 3276 5012 Laconica
3321 4950 3635 5010 verborum
3682 4965 3824 5025 prae
3867 4967 3931 5009 se
3974 4952 4197 5011 terrent

520 5053 963 5113 similitudinem
1029 5070 1162 5113 cum
1226 5052 1618 5127 Plutarcheis,
1685 5054 1758 5111 ad
1830 5053 2202 5112 Plutarchum
2251 5054 2443 5128 ipsum
2512 5056 2887 5115 reserrentur.
2975 5053 3142 5123 Quod
3197 5067 3337 5112 vero
3394 5050 3639 5111 Vossius
3697 5052 3910 5111 minori
3964 5053 4193 5112 cuidam

520 5154 856 5227 Plutarcho,
921 5157 1089 5216 cuius
1140 5156 1373 5215 Tzetzes
1438 5156 1574 5214 fecit
1636 5155 1988 5215 mentionem
2054 5154 2197 5230 (Cfr.
2255 5156 2411 5217 Gier.
2466 5173 2523 5231 p.
2569 5155 2692 5231 Xl),
2736 5157 2848 5216 hoc
2901 5155 3245 5231 opusculum
3310 5153 3684 5213 tribuendum
3752 5169 3881 5213 esse
3950 5155 4198 5228 putavit,

520 5258 714 5332 inepte
755 5271 887 5316 eum
933 5259 1304 5319 existimasse
1346 5264 1610 5333 apparet.
1696 5255 1839 5314 Nam
1887 5263 2293 5330 praeterquam
2342 5258 2499 5331 quod
2543 5258 2688 5317 satis
2731 5259 2943 5318 mirum
2990 5257 3220 5318 videtur
3265 5255 3639 5315 Plutarchum
3686 5256 3973 5330 quendam
4018 5257 4192 5330 plane
