4725 5742
2366 320 2441 380 13

544 530 695 595 ἄλλο
747 528 1150 597 συντελοῦντες
1199 523 1382 590 οὐδέν.
1469 525 1675 585 Nonne
1728 525 1908 601 igitur
1959 526 2237 587 continuo
2292 533 2425 601 post
2466 542 2521 586 a.
2578 523 2713 586 146.
2759 541 2814 586 a.
2861 525 2998 588 Chr.
3043 526 3119 585 de
3164 525 3659 599 Lacedaemoniis,
3702 526 3854 586 sicut
3904 528 3977 586 de
4023 529 4238 590 ceteris

546 638 823 699 Graeciae
889 633 1159 710 gentibus
1222 630 1338 692 dici
1404 628 1622 705 potuit:
1691 620 1792 687 ὑπὸ
1824 621 2132 707 Ῥωμαίοις
2184 624 2457 709 ἐγένοντο,
2513 628 2855 704 praesertim
2899 643 3033 687 cum
3074 641 3141 686 re
3185 642 3321 686 vera
3363 627 3569 687 Graeci
3613 628 3769 689 bello
3821 629 4033 689 devicti
4078 638 4234 690 certa

547 740 833 815 quaedam
878 740 1175 811 praestare
1218 749 1293 793 ex
1336 732 1572 792 foedere
1612 738 1957 807 cogerentur
2000 740 2057 791 et
2079 733 2328 793 Romani
2370 746 2663 793 summum
2708 729 3014 805 imperium
3062 735 3121 788 et
3164 729 3595 803 quodammodo
3625 729 4023 805 principatum
4053 733 4242 793 totius

552 841 825 904 Graeciae
868 837 1142 898 manibus
1184 828 1491 896 teneram?
1557 833 1793 893 Accedit
1835 841 1899 893 ut
1942 836 2054 896 hoc
2094 836 2222 896 loco
2266 851 2385 895 non
2431 832 2617 907 magis
2662 832 2783 890 sere
2826 832 3058 904 referat,
3101 837 3298 889 utrum
3344 830 3458 890 iam
3501 848 3656 892 anno
3702 830 3840 892 146.
3888 832 4129 893 Graecia
4177 834 4235 892 in

549 944 904 1022 provinciam
950 941 1026 1000 sit
1072 940 1323 1011 redacta,
1370 949 1552 994 necne
1595 948 1767 1008 quam
1813 951 2012 1010 supra,
2049 936 2170 1014 ubi,
2201 937 2274 995 ad
2303 935 2459 1010 quod
2492 940 2724 1008 tempus
2761 935 2938 993 verba
2976 928 3069 991 καὶ
3102 930 3182 1000 εἰς
3206 928 3468 992 δουλείαν
3497 931 3858 1016 μετέστησαν
3888 943 4240 1011 spectarent,

550 1048 956 1125 quaerebatur.
1048 1042 1129 1100 De
1172 1041 1245 1100 iis
1289 1034 1561 1114 gentibus
1604 1042 1820 1112 autem,
1864 1054 2015 1113 quae
2060 1041 2216 1100 bello
2260 1054 2293 1096 a
2339 1037 2620 1097 Romanis
2667 1036 2852 1095 victae
2893 1036 2953 1096 in
3001 1053 3131 1097 eam
3173 1037 3572 1099 condicionem
3620 1047 3786 1099 erant
3829 1040 4120 1111 redactae,
4163 1045 4231 1098 ut

548 1154 620 1211 ad
688 1150 939 1209 victores
1008 1143 1174 1217 quasi
1241 1141 1422 1201 tutela
1476 1135 1759 1208 quaedam
1814 1155 2016 1199 earum
2070 1140 2374 1200 civitatum
2433 1138 2670 1210 rediret,
2735 1136 2792 1196 id
2839 1140 2996 1212 quod
3053 1140 3308 1199 maxime
3349 1140 3504 1199 eadit
3549 1141 3610 1199 in
3653 1141 3917 1201 civitates
3963 1142 4241 1214 Graecas,

548 1255 768 1331 optimo
813 1251 940 1310 iure
983 1244 1097 1304 dici
1145 1242 1406 1319 potuisse
1449 1232 1554 1317 ὑμό
1612 1233 1920 1319 Ῥωμαίοις
1963 1236 2215 1321 ἐγένοντο
2258 1260 2388 1303 cum
2437 1239 2743 1316 permultis
2774 1247 3036 1301 veterum
3070 1242 3420 1317 scriptorum
3449 1242 3798 1302 testimoniis
3830 1244 3972 1304 satis
3995 1253 4240 1319 apparet

548 1358 691 1433 (Ct‘r.
740 1349 1079 1421 llertzberg,
1134 1345 1233 1418 qui
1290 1345 1327 1403 1.
1376 1343 1412 1401 1.
1462 1342 1506 1411 1,
1562 1339 1685 1402 287
1729 1346 1866 1405 adn.
1914 1346 2073 1405 locos
2117 1348 2191 1405 ad
2236 1347 2388 1405 hanc
2431 1358 2552 1402 rem
2598 1348 2927 1416 spectantes
2971 1344 3343 1418 composuit),
3387 1350 3511 1401 tum
3558 1343 3769 1403 Strabo
3814 1347 3942 1423 (lib.
3989 1349 4138 1420 vm,
4184 1363 4235 1406 c.

552 1453 750 1532 6:23³,
814 1469 947 1513 cum
1000 1446 1345 1507 Corinthum
1397 1459 1430 1502 a
1477 1444 1756 1505 Mummio
1811 1448 2066 1507 excisam
2114 1463 2244 1509 esse
2284 1450 2702 1505 commemorat
2750 1443 2958 1505 iisdem
3000 1444 3198 1506 verbis
3239 1447 3442 1520 utitur,
3487 1461 3639 1520 quae
3682 1445 3743 1505 in
3787 1449 4015 1525 epilogo
4058 1451 4235 1511 huius

548 1560 731 1623 libelli
793 1554 1010 1626 scripta
1070 1547 1364 1607 videmus:
1434 1542 1579 1628 αὐτὴ
1634 1542 1699 1607 δὲ
1753 1550 1905 1625 (scil.
1965 1548 2303 1623 Corinthus)
2362 1540 2463 1605 ὑπὸ
2515 1541 2757 1606 Λευκίου
2801 1542 3074 1628 Μομμίου
3129 1545 3220 1608 καί
3272 1545 3466 1608 τᾶλλα
3516 1545 3683 1632 μέχρι
3728 1544 4092 1618 Μακεδονίας
4136 1547 4236 1612 ὑπὸ

541 1659 844 1743 Ῥωμαίοις
908 1649 1176 1733 ἐγένοντο.
1266 1647 1538 1711 Ceterum
1606 1653 1719 1712 iam
1781 1657 1947 1710 antea
2013 1651 2159 1710 Nabi
2211 1658 2462 1726 tyranno
2515 1650 2742 1711 devicto
2796 1651 3267 1728 Philopoemenis
3334 1654 3699 1728 temporibus
3745 1655 4231 1718 Lacedaemonios

549 1763 977 1845 quodammodo
1023 1752 1125 1817 ὑπὸ
1157 1751 1476 1832 Ῥωμαίοις
1517 1755 1699 1814 fuisse
1742 1770 1815 1815 ex
1861 1754 1932 1813 iis
1977 1761 2153 1828 patet,
2198 1769 2349 1828 quae
2393 1752 2549 1826 apud
2594 1753 2903 1829 Polybium
2951 1755 3024 1813 de
3068 1755 3188 1814 illis
3233 1756 3598 1830 temporibus
3644 1759 3959 1819 memoriae
4004 1760 4230 1834 prodita

550 1872 834 1931 videmus.
923 1864 1029 1922 Hic
1074 1859 1232 1919 enim
1285 1864 1491 1916 auctor
1533 1864 1620 1916 est
1663 1855 2173 1929 Lacedaemonios,
2218 1870 2349 1913 cum
2397 1853 2812 1929 Philopoemen
2857 1856 2917 1915 in
2962 1871 3064 1915 eos
3108 1856 3378 1930 saeviret,
3426 1858 3647 1932 legatos
3692 1858 3938 1918 Romam
3982 1860 4235 1935 misisse,

548 1974 649 2048 qui
700 1973 776 2030 de
838 1982 907 2026 co
972 1966 1468 2037 conquererentur
1521 1966 1578 2016 et
1630 1973 1749 2016 non
1792 1957 1983 2017 solum
2030 1973 2118 2029 ea,
2161 1972 2311 2031 quae
2354 1973 2387 2014 a
2434 1955 2889 2030 Philopoemene
2930 1964 3127 2018 essent
3171 1958 3457 2033 instituta,
3502 1960 3702 2034 inique
3744 1977 3775 2019 a
3823 1962 4050 2022 civibus
4096 1964 4238 2022 ferri

551 2071 981 2141 denuntiarent,
1034 2079 1235 2123 verum
1288 2060 1463 2119 etiam
1516 2058 1910 2119 Romanorum
1966 2065 2311 2133 potestatem
2356 2064 2415 2116 et
2457 2059 2860 2119 auctoritatem
2905 2059 3152 2134 Spartae
3193 2061 3530 2121 labefactari
3574 2062 3720 2139 (Crr.
3771 2062 3976 2141 Polyb.
4021 2066 4234 2145 xxm,

551 2179 646 2256 l,):
692 2173 772 2234 ὅτι
818 2166 966 2252 μετὰ
1053 2162 1160 2247 τὴν
1205 2160 1266 2224 ἐν
1308 2163 1392 2245 τῷ
1440 2157 1751 2242 Κομπασῖῳ
1792 2161 1908 2219 τῶν
1949 2157 2268 2243 ἀνθρώπων
2317 2155 2669 2244 ἐπαναίρεσιν
2711 2157 3243 2246 δυσαρεστήσαντες
3283 2181 3434 2231 τινες
3475 2166 3589 2223 τῶν
3635 2161 3696 2224 ἐν
3749 2165 3822 2246 τῇ
3855 2161 4238 2249 Λακεδαίμονι

550 2284 664 2347 τοῖς
727 2274 970 2360 γεγονόσι
1040 2268 1133 2332 καὶ
1175 2266 1507 2349 νομίσαντες
1560 2264 1661 2327 ὑπὸ
1709 2268 1807 2325 τοῦ
1858 2261 2263 2346 Φιλοποίμενος
2308 2265 2432 2344 ἅμα
2473 2261 2579 2346 τὴν
2622 2264 2856 2348 δύναμιν
2899 2264 2992 2328 καὶ
3033 2264 3140 2350 τὴν
3185 2266 3609 2352 ,,προστασίαν“
3656 2268 4081 2334 κατατελὺσθαι
4123 2272 4236 2357 τὴν

538 2382 844 2465 Ῥωμαίων
887 2377 1160 2445 ἐλθόντες
1201 2374 1285 2443 εἰς
1317 2369 1559 2453 Ῥώμην
1604 2370 1943 2455 κατηγορίαν
1986 2369 2320 2455 ἐποιήσαντο
2364 2368 2489 2431 κτλ.
2559 2375 2781 2445 Quodsi
2827 2374 2941 2433 iam
2988 2373 3078 2435 01.
3134 2370 3334 2446 ¹82‚2‚
3378 2388 3496 2448 quo
3541 2389 3697 2433 anno
3742 2375 3802 2433 id
3843 2376 4058 2439 sactum
4098 2398 4235 2443 esse

550 2496 797 2561 constat,
862 2481 1300 2545 Lacedaemonii
1358 2479 1743 2553 principatum
1800 2478 1860 2536 in
1921 2478 2192 2538 manibus
2247 2478 2641 2538 Romanorum
2697 2492 2827 2536 esse
2870 2481 3304 2548 concesserunt,
3363 2475 3549 2535 multo
3630 2476 3815 2551 magis
3870 2479 3984 2539 dici
4041 2485 4234 2557 potuit

553 2594 803 2652 Graecos
845 2588 1240 2646 Romanorum
1288 2580 1535 2640 dicionis
1580 2580 1762 2638 factos
1799 2594 1929 2638 esse
1972 2585 2105 2653 post
2145 2595 2199 2638 a.
2257 2577 2394 2641 146.
2423 2596 2476 2639 a.
2503 2579 2760 2651 Chr.,ex
2805 2594 2921 2653 quo
2966 2592 3119 2637 anno
3167 2591 3372 2636 omnes
3395 2576 3673 2637 Graeciae
3716 2578 3980 2643 civitates
4025 2586 4228 2645 cadem

552 2694 777 2753 ratione
821 2706 851 2747 a
896 2685 1177 2746 Romanis
1230 2682 1434 2741 haberi
1490 2688 1725 2755 coeptas
1768 2696 1899 2741 esse
1939 2697 2117 2755 supra
2163 2681 2440 2740 diximus.
2529 2680 2645 2740 Sed
2697 2696 2839 2740 cave
2885 2681 3079 2741 verbis
3125 2674 3226 2739 ὑπὸ
3259 2675 3569 2760 Ῥωμαίοις
3614 2676 3867 2761 ἐγένοντο
3912 2684 4226 2763 Philopoe-

555 2794 739 2854 menis
809 2797 1069 2862 tempora
1137 2782 1428 2859 designari
1482 2791 1669 2857 putes,
1719 2784 1878 2855 quod
1931 2783 2246 2857 quominus
2301 2782 2500 2854 facias,
2554 2782 2751 2842 addita
2800 2785 2978 2843 verba
3020 2781 3281 2868 καθάπερ
3325 2781 3374 2843 οἱ
3418 2781 3587 2843 ἄλλοι
3625 2781 3927 2866 Ἓλληνες
3971 2791 4229 2863 obstant,

552 2914 683 2956 cum
728 2908 882 2953 anno
939 2887 1074 2948 146.
1120 2887 1353 2944 demum
1401 2884 1709 2943 universae
1751 2884 2026 2943 Graeciae
2072 2901 2163 2944 nes
2206 2885 2561 2958 compositas
2606 2902 2737 2946 esse
2779 2896 3139 2960 compertum
3187 2890 3527 2950 habeamus.

856 2989 1096 3052 Maximi
1141 3002 1281 3045 vero
1326 2986 1603 3044 momenti
1650 2986 1879 3045 videtur
1922 3003 2071 3058 esse,
2117 2988 2272 3061 quod
2318 2985 2570 3061 scriptor
2613 2988 2675 3047 in
2716 2988 2968 3064 epilogo,
3012 3006 3129 3063 quo
3172 3007 3271 3051 eas
3316 3008 3512 3051 rerum
3542 2994 4051 3066 commutationes,
4074 3009 4225 3068 quae

553 3093 1029 3159 Lacedaemoniis
1072 3090 1360 3149 maximae
1412 3088 1907 3164 gravissimaeque
1964 3088 2300 3162 acciderint,
2356 3088 2558 3163 paucis
2602 3089 3061 3164 comprehendit,
3130 3099 3351 3151 certum
3397 3109 3594 3153 rerum
3638 3096 3901 3154 ordinem
3950 3093 4229 3155 historiae

554 3202 668 3261 fide
731 3196 1174 3272 comprobatum
1240 3190 1300 3248 in
1353 3191 1697 3249 enarrandis
1751 3191 1888 3264 inis,
1950 3207 2100 3266 quae
2163 3192 2348 3250 sactae
2392 3198 2530 3250 sunt
2572 3191 3126 3252 commutationibus
3168 3199 3404 3254 secutus
3447 3202 3556 3255 cst.
3644 3196 3905 3256 Primum
3953 3197 4108 3256 enim
4153 3196 4235 3256 ait

552 3296 1063 3365 LaccdaemonioS,
1131 3291 1407 3367 quamdiu
1462 3292 1704 3366 Lycurgi
1757 3292 1913 3368 leges
1970 3293 2214 3353 intactas
2269 3298 2605 3353 servassent
2657 3300 2714 3351 et
2769 3293 3044 3369 integras,
3106 3295 3323 3370 optima
3379 3297 3606 3358 ratione
3656 3305 3713 3356 et
3766 3298 3953 3373 gloria
4006 3305 4230 3359 ceteras

552 3401 826 3463 Graeciae
868 3397 1135 3457 civitates
1181 3397 1569 3468 praecessi>se
1614 3402 1671 3454 ct
1712 3396 2146 3469 quodammodo
2191 3395 2582 3470 principatum
2608 3393 2884 3455 Graeciae
2926 3396 3190 3457 tenuisse
3231 3413 3337 3472 per
3379 3400 3729 3473 quingentos
3771 3415 3959 3460 annos
4003 3400 4069 3478 (ξ
4119 3399 4228 3459 42:

549 3510 665 3572 τοῖς
707 3498 811 3584 μὲν
855 3496 949 3561 οὖν
993 3494 1318 3580 Λυκούργου
1359 3495 1635 3579 χρωμένη
1679 3498 1869 3576 νόμοις
1908 3496 1948 3579 ἡ
1992 3493 2157 3564 πολις
2201 3494 2292 3557 καὶ
2334 3501 2450 3564 τοῖς
2493 3495 2676 3580 ὅρκοις
2719 3493 3037 3576 ἐμμείνασα
3079 3493 3364 3583 ἐπρώτευε
3408 3506 3517 3583 τῆς
3537 3498 3834 3570 Ἑλλάδος
3878 3499 4107 3584 εὐνομίᾳ
4136 3499 4236 3563 καὶ

550 3596 699 3689 δόξη
743 3606 943 3693 χρόνον
988 3602 1133 3665 ἐτῶν
1174 3601 1605 3676 πεντακοσίων),
1673 3611 1793 3663 tum
1839 3618 1999 3674 vero,
2045 3617 2176 3662 cum
2224 3602 2503 3677 paulatim
2552 3602 2670 3662 labi
2715 3603 3219 3678 praeclarissimae
3262 3604 3397 3664 illae
3443 3606 3600 3681 leges
3634 3607 3965 3682 coepissent
3996 3607 4229 3668 luxuria

555 3722 612 3773 et
674 3712 916 3772 avaritia
983 3707 1168 3785 magis
1234 3707 1538 3782 magisque
1590 3705 2048 3780 irrumpentibus
2103 3705 2276 3764 etiam
2335 3711 2675 3780 potestatem
2721 3704 3311 3765 Lacedaemoniorum
3366 3708 3587 3767 sensim
3657 3709 3896 3787 infringi
3959 3717 4224 3786 coeptam

555 3833 688 3879 esse
753 3809 1082 3893 (κατ’ὁλίγον
1144 3806 1210 3870 δὲ
1273 3805 1780 3894 παραβαινομένων
1832 3803 1926 3867 καὶ
1977 3804 2383 3891 φιλοπλουτίας
2442 3804 2535 3866 καὶ
2581 3792 2921 3876 πλεονεξίας
2969 3804 3455 3892 παρεισδυομένης
3505 3807 3598 3870 καὶ
3649 3808 3722 3870 τοὶ
3775 3817 3883 3894 τῆς
3932 3807 4234 3892 δυνάμεως

551 3916 888 4003 ἠλαττοῦτο.
958 3913 1052 3976 καὶ
1115 3912 1164 3976 οἱ
1226 3912 1513 3998 σύμμαχοι
1575 3911 1667 3974 διὰ
1727 3916 1911 3973 ταῦτα
1971 3910 2267 3993 δυσμενῶς
2332 3910 2485 3995 εἶχον
2544 3907 2684 3995 πρὸς
2739 3908 2960 3980 αὐτούς.
3071 3913 3391 3974 Avaritiam
3446 3915 3858 3992 luxuriamque
3916 3924 4109 3978 autem
4167 3918 4230 3976 in

549 4023 971 4100 rempublicam
1007 4020 1595 4082 Lacedaemoniorum
1631 4020 1938 4095 irrepsisse
1969 4020 2125 4079 bello
2161 4016 2655 4093 Peloponnesiaco
2693 4024 2984 4092 prostrata
3017 4024 3302 4092 potestate
3325 4016 3765 4078 Atheniensium
3800 4018 3946 4079 satis
3977 4025 4225 4079 constat.

549 4129 692 4187 Tum
738 4126 990 4201 scriptor
1036 4121 1292 4197 Philippi
1337 4120 1490 4195 regis
1533 4121 1911 4181 Macedonum
1958 4121 2253 4180 mrntione
2297 4120 2446 4179 sacta
2489 4133 2560 4177 ac
2603 4119 2815 4178 deinde
2859 4120 3196 4194 Alexandri,
3239 4126 3373 4195 post
3417 4136 3670 4196 pugnam
3705 4120 4225 4198 Chaeroneensem,

552 4244 666 4303 qua
710 4244 901 4304 pugna
950 4229 1192 4289 libertas
1218 4222 1495 4285 Graeciae
1539 4223 1728 4298 periit,
1787 4223 2003 4283 Thebis
2047 4222 2278 4293 dirutiS,
2322 4237 2456 4280 cum
2499 4221 2676 4279 ceteri
2723 4221 2930 4282 Graeci
2976 4222 3253 4281 victorem
3297 4222 3467 4297 sequi
3510 4227 3876 4296 cogerentur,
3921 4222 3999 4281 ita
4043 4221 4224 4283 Lace·

554 4330 890 4389 daemonios
960 4346 1077 4389 non
1145 4330 1360 4388 fractos
1422 4324 1605 4383 fuisse
1655 4323 1813 4393 dicit,
1871 4332 1935 4383 ut
1987 4333 2047 4384 et
2101 4340 2233 4384 cum
2289 4323 2384 4384 his
2431 4330 2490 4383 et
2533 4338 2664 4382 cum
2707 4323 2959 4398 posteris
3001 4324 3240 4400 regibus
3281 4324 3660 4384 Macedonum
3705 4339 3837 4384 sese
3878 4324 4232 4400 coniungere

551 4436 905 4491 recusarent.
992 4430 1185 4499 Quare
1236 4443 1367 4487 cum
1416 4425 1765 4500 scriptorem
1819 4428 2165 4502 gravissima
2209 4441 2477 4500 quaeque
2516 4440 2549 4484 e
2592 4424 2770 4484 rebus
2814 4425 3406 4485 Lacedaemoniorum
3447 4430 3607 4484 certo
3648 4431 3979 4500 temporum
4024 4425 4229 4484 ordine

547 4532 852 4592 videamus
919 4531 1277 4605 prodentem,
1343 4529 1443 4586 vix
1497 4525 1754 4586 dubitari
1806 4535 2016 4604 potest,
2075 4529 2216 4603 quin
2273 4526 2447 4585 etiam
2504 4525 2564 4584 in
2607 4526 2950 4587 enarrandis
2994 4527 3089 4600 iis,
3145 4542 3296 4602 quae
3335 4533 3682 4602 sequuntur,
3735 4529 3986 4588 eundem
4027 4543 4225 4586 rerum

546 4633 810 4694 ordinem
866 4637 1101 4691 secutus
1152 4629 1248 4690 sit.
1336 4629 1485 4690 Dicit
1534 4636 1728 4688 autem
1783 4638 1985 4706 postea
2042 4632 2199 4707 leges
2246 4627 2575 4704 Lycurgeas
2617 4625 2811 4707 *plane
2852 4643 2983 4689 esse
3021 4628 3335 4704 neglectas,
3378 4628 3536 4689 cives
3576 4645 3611 4688 a
3655 4628 3885 4690 civibus
3926 4629 4227 4705 tyrannice

548 4740 848 4808 tractatoS,
894 4733 954 4792 in
997 4732 1337 4793 servitutem
1381 4732 1673 4805 delapsos,
1716 4732 1891 4791 modo
1937 4732 2234 4792 Romanae
2273 4730 2521 4789 dicionis
2565 4728 2769 4790 factos.
2842 4730 3131 4791 Maximae
3170 4746 3310 4790 vero
3354 4736 3414 4789 et
3454 4731 3856 4807 gravissimae,
3901 4745 4051 4805 quae
4093 4736 4227 4804 post

549 4853 637 4911 ea,
684 4850 835 4911 quae
875 4842 1110 4895 narrata
1153 4840 1311 4905 sunt,
1354 4833 1599 4907 Spartae
1641 4832 1981 4893 acciderunt
2023 4848 2218 4893 rerum
2254 4829 2739 4891 commutationes
2779 4839 2917 4891 sunt
2948 4831 3214 4908 tyrannis
3248 4838 3306 4890 et
3343 4833 3616 4910 servitus,
3649 4850 3797 4909 quas
3830 4849 3865 4892 a
3897 4831 4225 4893 Cleomenis

546 4936 913 5012 temporibus
977 4950 1166 5009 usque
1229 4935 1304 4994 ad
1370 4933 1575 4993 Nabim
1652 4924 2018 5009 pertulerunt
2084 4949 2153 4993 ac
2224 4932 2438 4991 deinde
2500 4930 2815 5007 imperium
2869 4931 3288 5007 Romanorum,
3348 4936 3522 5008 quale
3584 4936 3694 4996 t'uit
3745 4935 3883 4994 inde
3941 4936 4017 4995 ab
4070 4948 4224 4994 anno

557 5037 696 5100 146.
719 5053 775 5100 a.
799 5036 936 5097 Chr.
1005 5035 1118 5106 Qui
1160 5043 1353 5097 autem
1400 5036 1712 5111 postremis
1755 5034 1969 5112 epilogi
2013 5034 2209 5095 verbis
2231 5033 2479 5110 Augusti
2522 5039 2786 5109 tempora
2830 5032 3142 5108 significari
3189 5041 3415 5112 putant,
3444 5036 3525 5097 ita
3547 5045 3614 5096 ut
3635 5036 4227 5097 Lacedaemoniorum

548 5139 966 5215 rempublicam
1034 5137 1187 5198 sieut
1249 5137 1506 5212 reliquas
1556 5137 1833 5201 Graeciae
1896 5137 2160 5198 civitates
2213 5151 2246 5195 a
2298 5134 2579 5196 Romanis
2648 5134 2709 5194 in
2760 5150 2939 5194 unam
2991 5136 3354 5212 provinciam
3406 5139 3673 5200 redactas
3726 5154 3857 5199 esse
3913 5139 3987 5201 iis
4030 5139 4231 5202 verbis
