4725 5742
688 1495 897 1621 De
975 1483 2364 1620 Pseudo-Plutarchi
2441 1483 3198 1614 matituna
3274 1481 4054 1612 Laconicis.

1979 1718 2291 1866 Pars
2378 1720 2753 1906 prior.

2316 2104 2418 2228 1.

828 2311 969 2373 Jure
1010 2310 1265 2383 mireris,
1319 2324 1425 2368 cur
1471 2309 1545 2368 de
1598 2323 1668 2368 ea
1720 2316 1886 2383 parte
1943 2309 2243 2369 Plutarchi
2296 2309 2672 2384 scriptorum,
2728 2310 2823 2370 cui
2867 2307 3377 2384 Apophthegmata
3420 2305 3597 2381 vulgo
3643 2304 4004 2376 inscribitur,
4050 2304 4206 2364 docti

520 2423 633 2483 viri
683 2423 760 2482 ita
809 2422 1024 2482 iudicio
1077 2421 1229 2481 inter
1269 2436 1336 2481 se
1377 2418 1786 2493 dissenserint,
1843 2426 1908 2478 ut
1947 2419 2049 2478 alii
2086 2419 2287 2494 spuria
2333 2434 2468 2480 esse
2508 2434 2578 2480 ae
2620 2421 2932 2480 subditicio
2983 2418 3084 2477 illa
3129 2416 3622 2493 apophthegmata
3666 2417 4106 2489 contenderent,
4141 2424 4208 2478 ut

521 2548 674 2607 quae
726 2529 1025 2592 Plutarchi
1080 2528 1549 2604 praeclarissimo
1616 2528 1850 2604 ingenio
1902 2529 2143 2590 omnino
2211 2536 2408 2589 essent
2462 2529 2723 2606 indigna,
2785 2530 2908 2603 alii,
2969 2529 3022 2589 si
3077 2529 3275 2588 minus
3328 2528 3545 2602 omnia,
3609 2538 3669 2589 at
3730 2535 3886 2592 certe
3935 2543 4205 2602 magnam

524 2651 754 2719 partem
797 2658 829 2701 a
855 2638 1177 2702 Plutarcho
1218 2637 1410 2697 aliena
1453 2653 1585 2697 esse
1627 2638 1908 2712 dicerent,
1954 2640 2077 2714 alii,
2120 2645 2187 2699 ut
2228 2654 2348 2698 non
2395 2654 2570 2714 posse
2613 2640 2874 2700 dubitari
2906 2639 3312 2710 concederent,
3361 2637 3504 2712 quin
3529 2638 3881 2700 Plutarchus
3926 2655 4014 2709 ea,
4057 2653 4209 2712 quae

529 2769 563 2811 a
606 2752 928 2828 praeclaris
973 2747 1117 2806 viris
1161 2746 1306 2806 scite
1344 2747 1497 2807 dicta
1545 2756 1762 2823 essent,
1816 2749 2093 2824 colligere
2142 2755 2319 2823 atque
2373 2749 2432 2808 in
2485 2767 2668 2811 unum
2715 2767 2930 2826 corpus
2975 2749 3242 2825 redigere
3292 2748 3353 2807 in
3401 2747 3665 2808 animum
3719 2750 4067 2811 induxisset.
4123 2750 4203 2810 ita

522 2877 663 2934 non,
693 2861 889 2936 qualia
918 2856 1127 2917 tradita
1160 2863 1319 2929 sunt,
1346 2858 1419 2915 ad
1451 2857 1829 2917 Plutarchum
1863 2859 2056 2934 ipsum
2090 2860 2397 2919 reserenda
2432 2876 2562 2921 esse
2593 2867 2935 2921 statuerent.
3019 2857 3326 2932 Utcunque
3359 2873 3426 2917 se
3467 2875 3563 2919 res
3607 2860 3806 2934 habet,
3829 2860 4208 2922 Benselerum

520 2978 850 3031 statuamus
892 2982 1134 3028 necesse
1177 2973 1267 3027 est
1297 2965 1447 3025 mire
1492 2966 1803 3039 iudicasse,
1849 2970 1949 3043 qui
1996 2976 2062 3029 ut
2093 2968 2341 3044 primam
2389 2977 2614 3044 partem
2660 2970 3224 3046 apoththcgmatum,
3268 2983 3421 3043 quae
3449 2985 3651 3043 regum
3683 2979 3740 3031 et
3783 2973 4206 3046 imperatorum

521 3079 674 3139 dieta
720 3077 981 3151 exhibet,
1025 3093 1360 3153 quanquam
1408 3076 1671 3136 hiatibus
1714 3078 2004 3138 foedatam
2040 3078 2356 3151 Plutarcho
2395 3095 2517 3138 non
2550 3080 2793 3140 omnino
2837 3078 3175 3139 abiudicare
3217 3094 3398 3138 ausus
3439 3087 3547 3154 est,
3591 3081 3670 3138 ita
3715 3084 4206 3160 apophthegmata

520 3190 813 3249 Laconum
868 3195 926 3246 et
975 3188 1369 3247 Lacaenarum
1423 3187 1498 3245 ad
1554 3187 1720 3246 illum
1773 3188 2035 3247 vocanda
2088 3203 2220 3247 esse
2271 3187 2632 3249 confidenter
2672 3190 2925 3264 negavit.
3013 3188 3347 3263 „Fortasse,
3402 3189 3610 3264 inquit,
3663 3191 3993 3264 miraberis,
4054 3199 4211 3270 quod

518 3316 709 3375 neque
769 3314 901 3358 cum
944 3296 1246 3374 Xylandro
1293 3296 1464 3370 facio,
1508 3297 1609 3370 qui
1654 3313 1719 3357 se
1761 3313 1955 3371 neque
2010 3297 2454 3371 praefationem,
2507 3315 2698 3374 neque
2749 3316 2899 3375 opus
2951 3299 3144 3374 ipsum
3200 3298 3395 3374 magni
3447 3300 3745 3362 Plutarchi
3798 3319 3928 3364 esse
3969 3309 4207 3368 eredere

518 3412 752 3484 fatetur,
806 3423 999 3482 neque
1050 3424 1185 3469 cum
1232 3405 1705 3482 wyttenbachio,
1751 3408 1851 3481 qui
1904 3408 2210 3468 materiam
2267 3424 2298 3468 e
2354 3410 2590 3484 scriptis
2643 3410 2943 3470 Plutarchi
2995 3411 3298 3471 collectam
3360 3414 3418 3469 et
3477 3426 3510 3467 a
3565 3413 3889 3485 posteriore
3951 3420 4206 3491 quodam

519 3519 759 3579 homine
823 3518 884 3577 iu
925 3517 1078 3577 hanc
1138 3516 1483 3577 tenuitatem
1527 3533 1660 3577 esse
1715 3518 2007 3577 redactam
2053 3525 2271 3579 censet.
2358 3520 2501 3578 Mihi
2546 3528 2739 3581 autem
2787 3537 2905 3581 non
2949 3520 3338 3596 improbabile
3381 3535 3513 3579 esse
3553 3521 3786 3582 videtur
3827 3525 4205 3592 Plutarchum

517 3632 709 3704 ipsum
762 3628 1056 3688 eiusmodi
1121 3644 1300 3704 opus,
1356 3642 1474 3702 quo
1528 3626 1684 3684 dieta
1755 3632 1814 3686 et
1865 3628 2015 3686 facta
2064 3629 2351 3701 quaedam
2408 3630 2668 3689 virorum
2725 3632 3018 3692 clarorum
3073 3633 3330 3693 breviter
3381 3638 3761 3707 enarrentur,
3814 3635 3875 3694 in
3927 3654 4099 3699 usum
4153 3651 4211 3701 et

521 3737 967 3798 delectationem
1032 3752 1265 3812 eorum,
1329 3739 1461 3815 qui,
1522 3737 1841 3812 quominus
1902 3737 2188 3811 ampliora
2267 3740 2486 3814 scripta
2540 3741 2826 3817 legerent,
2890 3743 3140 3817 negotiis
3187 3749 3355 3801 erant
3416 3741 3709 3817 impediti,
3773 3745 3860 3818 id,
3927 3753 4083 3822 quod
4147 3753 4207 3813 in

522 3848 836 3907 Traianum
889 3845 1063 3905 etiam
1120 3849 1386 3921 cadebat,
1451 3847 1917 3923 composuisse.“
2005 3847 2173 3917 Quod
2229 3865 2370 3909 vero
2425 3868 2630 3928 regum
2681 3852 3175 3929 apophthegmata
3219 3852 3491 3927 pluribus
3535 3868 3709 3926 quam
3764 3856 3864 3915 alii
3908 3858 4209 3922 Plutarchi

518 3957 655 4017 libri
701 3956 964 4016 hiatibus
1008 3955 1239 4015 foedata
1286 3966 1505 4031 essent,
1546 3958 1623 4016 ita
1670 3955 1951 4031 explicari
1997 3962 2055 4016 et
2099 3959 2368 4019 excusari
2413 3977 2588 4035 posse
2630 3965 2949 4037 contendit,
2993 3970 3060 4023 ut
3105 3961 3483 4021 Plutarchum
3522 3978 3611 4037 ea,
3644 3980 3797 4038 quae
3825 3983 3857 4025 a
3888 3972 4209 4043 praeclaris

517 4067 664 4127 viris
730 4066 886 4126 dicta
952 4074 1171 4139 essent,
1231 4067 1440 4127 iisdem
1507 4066 1726 4138 verbis,
1778 4067 1995 4141 quibus
2050 4068 2235 4127 relata
2288 4069 2630 4147 invenisset,
2688 4091 2964 4135 narrasse
3016 4081 3117 4133 aut
3178 4071 3461 4131 nonnulla
3515 4074 3590 4132 ab
3647 4075 3780 4135 aliis
3836 4078 4032 4138 addita
4078 4097 4209 4141 esse

522 4184 824 4238 statueret.
913 4176 1151 4236 Maximi
1198 4190 1339 4237 vero
1397 4176 1679 4236 momenti
1720 4176 2034 4236 Benselero
2080 4179 2333 4252 videtur,
2396 4183 2553 4254 quod
2609 4183 2670 4242 in
2726 4184 3088 4259 praefatione
3139 4183 3318 4243 huius
3382 4182 3517 4242 libri
3572 4192 3805 4258 praeter
3859 4203 4060 4259 unum,
4107 4188 4207 4265 qui

520 4301 553 4344 e
605 4287 905 4347 codicibus
980 4287 1166 4360 possit
1218 4288 1454 4363 corrigi,
1516 4287 1715 4346 hiatus
1766 4287 2022 4364 offendat
2063 4288 2284 4349 nullus,
2375 4290 2521 4367 (Cfr.
2566 4294 2640 4352 de
2684 4295 2867 4356 hiatu.
2912 4312 2968 4370 p.
3015 4291 3189 4368 439.)

826 4398 942 4457 Sed
996 4414 1203 4472 parum
1267 4397 1383 4458 sibi
1445 4403 1716 4457 constare
1768 4396 2147 4457 Benselerum
2200 4405 2530 4461 statuamus
2592 4420 2835 4466 neeesse
2889 4414 2997 4477 est,
3060 4405 3217 4480 quod
3270 4405 3519 4479 primam
3577 4413 3823 4480 partem,
3885 4424 4000 4481 qua
4054 4411 4209 4472 dicta

517 4521 723 4582 regum
771 4514 830 4566 et
874 4507 1296 4581 imperatorum
1342 4507 1700 4567 exhibentur
1743 4505 2079 4581 genuinam,
2124 4507 2350 4581 reliqua
2397 4513 2592 4573 omnia
2638 4514 2839 4589 spuria
2886 4531 3017 4577 esse
3060 4517 3379 4577 contendit.
3445 4516 3590 4575 Nam
3633 4515 3831 4577 hiatus
3876 4535 3981 4593 per
4024 4529 4205 4583 totam

516 4615 670 4675 hanc
716 4623 944 4691 partem
988 4616 1292 4675 Plutarchi
1344 4618 1701 4692 scriptorum
1746 4617 2122 4693 reperiuntur
2164 4624 2222 4677 et
2261 4618 2413 4680 forte
2467 4624 2662 4697 potius
2707 4624 2941 4685 videtur
2994 4628 3212 4687 factum
3266 4643 3417 4701 esse,
3471 4635 3537 4687 ut
3587 4644 3789 4703 regum
3840 4632 4205 4710 apophtheg-

522 4735 683 4788 mata
731 4743 851 4788 non
892 4733 1012 4785 tarn
1050 4726 1256 4786 multis
1295 4727 1526 4786 foedata
1579 4728 1698 4788 sint
1741 4727 2002 4787 hiatibus
2046 4743 2221 4801 quam
2268 4729 2426 4791 dicta
2467 4726 2782 4793 Laconum'
2809 4742 2868 4796 et
2911 4735 3326 4797 Lacaenarum.
3424 4737 3626 4812 Neque
3668 4755 3810 4800 vero
3854 4745 4210 4805 contendere

516 4838 663 4897 mihi
710 4838 772 4897 in
819 4836 1020 4896 animo
1067 4843 1158 4896 est
1202 4837 1347 4895 haec
1389 4838 1608 4912 scripta
1651 4837 1781 4897 iure
1821 4836 1893 4895 ad
1940 4836 2322 4897 Plutarchum
2370 4842 2599 4917 referri,
2654 4861 2786 4906 cum
2840 4864 2917 4907 ne
2959 4847 3020 4906 id
3072 4847 3308 4922 quidem
3352 4842 3637 4910 historiae
3679 4849 3793 4909 fide
3833 4853 4202 4927 exploratum

517 4946 846 5008 habeamus
898 4961 1093 5021 neque
1156 4946 1279 5007 ullo
1328 4945 1473 5005 satis
1527 4953 1687 5006 certo
1749 4954 2095 5022 argumento
2145 4949 2469 5012 verisimile
2539 4954 2689 5016 effici
2753 4958 2940 5032 possit
2999 4957 3382 5019 Plutarchum
3440 4959 3878 5033 praeclarorum
3939 4962 4202 5024 virorum

516 5056 1010 5133 apophthegmata
1054 5057 1296 5117 collecta
1343 5062 1400 5114 et
1444 5056 1504 5115 in
1548 5056 1735 5117 libros
1776 5057 2010 5115 redacta
2053 5056 2331 5121 edidisse.
2397 5063 2630 5125 Erravit
2660 5065 2974 5142 Gierigius,
3017 5068 3119 5141 qui
3165 5068 3223 5127 id
3259 5067 3494 5143 Sopatri
3526 5069 3830 5143 sophistae
3858 5074 4207 5135 auctoritate

514 5165 888 5239 comprobari
930 5167 1152 5229 docuit.
1239 5165 1386 5245 (Cfr.
1428 5165 1572 5227 inst.
1618 5166 1753 5227 Lac.
1799 5167 1893 5227 ed.
1937 5165 2097 5229 Gier.
2142 5184 2200 5242 p.
2246 5169 2370 5246 v1.)
