4725 5742
2316 345 2395 407 lo

506 564 722 633 potest,
786 557 840 618 si
905 563 964 617 et
1026 556 1205 616 vitam
1258 554 1505 632 Lycurgi
1570 560 1629 613 et
1690 550 1951 612 instituta
2014 550 2293 611 Laconica
2360 566 2395 609 e
2435 549 2653 610 maiore
2695 563 2873 624 opere
2915 549 2989 608 ad
3036 562 3130 608 res
3170 548 3483 609 Laconicas
3539 549 3867 626 pertinente
3908 557 4189 623 tanquam

510 659 672 719 sonte
720 659 968 720 fluxisse
1021 665 1325 733 putamus;
1390 671 1580 731 neque
1622 653 1777 714 enim
1830 660 1920 714 est
1962 654 2084 713 fere
2126 652 2272 724 eiuS,
2316 652 2418 726 qui
2463 651 2679 711 librum
2724 651 2893 726 quasi
2937 651 2999 710 in
3038 651 3327 725 epitomen
3370 652 3543 727 cogit,
3593 668 3681 725 ea,
3726 667 3877 725 quae
3920 652 4196 727 repperit,

510 760 683 819 aliter
720 775 975 820 narrare.
1065 760 1139 820 Ut
1190 777 1371 820 unum
1423 756 1600 816 huius
1653 756 1737 815 rei
1789 755 2121 828 exemplum
2188 754 2447 825 afferam,
2502 771 2590 825 ea,
2643 770 2795 828 quae
2858 753 2994 814 inst.
3042 753 3173 813 Lac.
3220 752 3260 829 ξ
3309 751 3348 810 2
3392 754 3467 814 de
3512 754 3809 830 Dionysio,
3863 753 4194 814 Siculorum

512 867 780 937 tyranno,
833 863 1057 937 prodita
1105 868 1264 936 sunt,
1307 877 1375 921 ea
1419 858 1572 933 apud
1620 857 1993 918 Plutarchum
2039 858 2113 916 ad
2158 857 2355 916 nescio
2400 871 2571 931 quem
2620 872 2653 915 e
2699 855 2955 916 Ponticis
2998 855 3253 930 regibus,
3307 855 3400 914 eui
3446 856 3582 915 item
3629 854 3940 931 Dionysius
3982 870 4195 915 nomen

515 963 694 1023 ruisse
736 964 969 1038 dicitur,
1014 964 1180 1024 vides
1224 963 1407 1022 relata
1451 959 1593 1038 (Cfr.
1638 959 1773 1034 Lyc.
1819 975 1871 1019 c.
1925 957 2043 1034 12).
2135 957 2245 1028 Qui
2291 957 2555 1017 libellum
2604 958 2678 1016 de
2722 957 3005 1017 institutis
3030 955 3329 1015 Laconicis
3375 971 3408 1015 e
3444 956 3755 1016 Plutarcho
3799 957 4193 1031 conscriptum

512 1079 640 1124 esse
683 1066 826 1138 vult,
872 1068 923 1126 is
969 1067 1158 1125 facere
1207 1080 1324 1123 non
1364 1062 1595 1138 poterit,
1638 1061 1780 1135 quin
1824 1068 1926 1120 aut
1969 1060 2160 1134 ipsum
2205 1060 2547 1135 scriptorem
2595 1075 2807 1119 nomen
2851 1059 3006 1133 apud
3049 1057 3423 1117 Plutarchum
3468 1065 3762 1133 repertum
3806 1066 4197 1119 commutasse

513 1166 826 1241 existimet,
872 1174 975 1226 aut
1021 1174 1219 1241 postea
1265 1165 1441 1225 alium
1489 1162 1799 1237 quendam,
1843 1163 1942 1237 qui
1987 1178 2137 1237 quae
2180 1163 2389 1222 tradita
2424 1162 2779 1236 repperisset
2809 1176 3074 1235 quaeque
3104 1160 3157 1219 ei
3186 1159 3524 1220 viderentur
3564 1160 3759 1220 minus
3795 1162 4199 1235 comprobata,

510 1269 826 1328 emendare
888 1270 1085 1328 vellet.
1175 1268 1495 1339 Utrumque
1537 1272 1730 1323 autem
1777 1280 1982 1339 parum
2030 1265 2347 1325 verisimile
2392 1265 2642 1337 videtur,
2689 1263 3030 1336 praesertim
3077 1279 3209 1321 cum
3254 1262 3367 1320 alia
3411 1263 3530 1323 sint
3572 1270 3932 1337 argumenta,
3978 1262 4194 1336 quibus

520 1369 784 1429 libellum
855 1385 972 1429 non
1041 1384 1075 1428 o
1115 1367 1424 1426 Plutarcho
1483 1365 1875 1439 conscriptum
1931 1380 2081 1439 esse,
2134 1368 2235 1425 sed
2292 1372 2350 1425 et
2405 1367 2581 1425 vitam
2627 1365 2875 1441 Lycurgi
2921 1372 2979 1424 et
3021 1380 3115 1424 res
3162 1364 3273 1423 hoc
3315 1364 3598 1438 opusculo
3639 1370 4120 1424 commemoratas
4163 1379 4200 1423 e

510 1470 734 1530 maiore
775 1486 951 1546 opere
993 1486 1087 1530 res
1129 1469 1441 1528 Laconicas
1484 1475 1768 1527 tractante
1810 1467 2053 1527 fluxisse
2096 1467 2398 1528 efficiatur.
2468 1468 2608 1527 Nam
2656 1468 2811 1542 quod
2861 1467 3205 1527 Plutarchus
3250 1467 3411 1542 (Lyc.
3442 1482 3493 1527 c.
3530 1464 3633 1542 12)
3662 1467 3802 1526 dicit
3824 1466 4182 1543 Dionysium,

507 1587 638 1631 cum
687 1573 1049 1646 praeclarum
1093 1571 1234 1630 illud
1283 1572 1374 1630 ius
1420 1571 1769 1630 Laconicum
1814 1568 1927 1628 sibi
1972 1569 2188 1644 apponi
2234 1569 2506 1630 iussisset
2552 1566 2673 1627 εἶτα
2704 1570 3049 1650 γευσάμενον
3081 1567 3442 1653 δυσχερᾶναι,
3478 1570 3608 1629 inst.
3650 1569 3781 1629 Lac.
3808 1584 3946 1628 vero
3974 1570 4192 1628 habent

509 1669 697 1731 ἔπειτα
749 1675 1089 1753 γευσάμενον
1142 1670 1234 1731 καὶ
1281 1669 1713 1757 δυσχεράναντα
1767 1670 2074 1732 ἀποπτύσαι
2129 1673 2285 1731 haud
2344 1672 2512 1732 facile
2563 1675 2733 1735 aliter
2788 1675 3002 1735 factum
3062 1691 3192 1735 esse
3235 1674 3394 1734 credi
3440 1678 3646 1748 potest,
3691 1671 3805 1729 nisi
3852 1678 3916 1729 ut
3959 1669 4072 1728 loci
4116 1686 4190 1729 ex

507 1777 707 1836 eodem
763 1778 914 1837 libro
968 1777 1262 1852 ceteroqui
1317 1781 1672 1838 verbotenus
1716 1777 2297 1849 transscriberentur,
2357 1773 2701 1837 Plutarchus
2746 1786 2940 1838 autem
2986 1777 3226 1836 verbum
3277 1774 3583 1836 ἀποπτύσαι
3631 1773 3845 1832 ibidem
3892 1779 4186 1847 repertum

504 1881 822 1940 omitteret.
866 1880 980 1939 Alii
1017 1881 1148 1954 loci,
1172 1879 1389 1952 quibus
1420 1881 1668 1939 alterum
1697 1880 1771 1938 ab
1803 1879 1989 1938 altero
2020 1877 2259 1953 paulum
2292 1877 2624 1952 discrepare
2660 1881 2946 1955 videmuS,
2980 1881 3095 1938 huc
3127 1883 3435 1956 pertinent.
3483 1880 3594 1939 Sed
3632 1878 3764 1937 licet
3790 1875 3933 1933 haec
3969 1874 4190 1934 leviora

504 1983 834 2055 videantur,
864 1991 1058 2040 tamen
1087 1997 1159 2038 ex
1182 1980 1375 2054 aliqua
1401 1982 1635 2055 quidem
1669 1988 1833 2057 parte
1862 1997 1950 2053 ea,
1975 1996 2124 2054 quae
2159 1978 2491 2052 statuimuS,
2523 1981 2615 2040 his
2643 1982 2996 2040 adiuvantur
3024 1998 3091 2041 ae
3121 1984 3305 2059 niagis
3328 1983 3724 2045 stabiliuntur.
3760 1975 4186 2036 Gravissimum

504 2089 696 2141 autem
769 2090 1172 2159 argumentum
1223 2091 1280 2141 et
1332 2098 1448 2156 quo
1494 2082 1755 2142 instituta
1813 2082 2093 2141 Laconica
2141 2096 2173 2139 e
2220 2080 2531 2141 Plutarcho
2576 2083 2866 2157 exscripta
2914 2100 3043 2143 esse
3087 2085 3424 2145 existimare
3467 2083 3705 2143 omnino
3749 2086 4033 2150 vetemur,
4078 2087 4192 2151 est,

507 2183 663 2256 quod
718 2184 1018 2243 nonnullis
1075 2184 1219 2243 locis
1267 2185 1444 2245 huius
1489 2185 1690 2257 libelli,
1735 2200 1884 2259 quos
1930 2183 1990 2242 in
2033 2183 2147 2241 vita
2196 2182 2441 2258 Lycurgi
2490 2183 2694 2243 iisdem
2741 2185 2937 2244 verbis
2982 2185 3232 2261 scriptos
3278 2188 3564 2259 videmuS,
3609 2182 3799 2243 media
3845 2181 4185 2254 interposita

505 2291 641 2342 sunt
704 2286 1010 2360 quaedam,
1079 2302 1228 2359 quae
1280 2288 1434 2361 apud
1484 2286 1858 2345 Plutarchum
1919 2285 2090 2360 plane
2143 2285 2371 2345 desunt.
2464 2285 2587 2344 Huc
2644 2287 2933 2361 pertinent
2978 2302 3070 2359 eas
3120 2304 3272 2362 quae
3328 2289 3461 2349 inst.
3507 2286 3638 2345 Lac.
3686 2282 3725 2360 ξ
3773 2281 3810 2341 4
3855 2283 4074 2341 habent
4117 2283 4194 2341 de

500 2399 817 2458 puerorum
860 2388 1215 2449 eruditione:
1260 2390 1572 2472 γράμματα
1616 2385 1786 2447 ἕνεκα
1827 2393 1934 2471 τῆς
1978 2386 2177 2472 χρείας
2219 2384 2561 2466 ἐμάνθανον·
2608 2393 2722 2449 τῶν
2765 2386 3023 2450 δ’ἄλλων
3067 2385 3463 2470 παιδευμάτων
3510 2374 3861 2468 ξενηλασίαν
3892 2380 4200 2457 ἐποιοῦντο,

503 2482 566 2544 ού
640 2483 867 2565 μᾶλλον
933 2488 1251 2577 ἀνθρώπων
1303 2492 1345 2575 ἢ
1403 2490 1607 2572 λόγων.
1654 2492 1695 2575 ἡ
1739 2488 1804 2552 δὲ
1848 2489 2069 2552 παιδεία
2110 2489 2184 2572 ἦν
2229 2490 2417 2561 αὐτοῖς
2459 2491 2597 2579 πρὸς
2639 2494 2702 2556 τό
2748 2493 3030 2580 ἄρχεσθαι
3076 2492 3276 2564 καλῶς
3318 2494 3410 2556 καί
3454 2496 3742 2579 καρτερεῖν
3786 2493 4058 2550 πονοῦντα
4099 2488 4196 2550 καὶ

504 2591 826 2673 μαχόμενον
868 2600 1024 2653 νικᾶν
1068 2594 1106 2677 ἢ
1154 2595 1550 2682 ἀποθνήσκειν.
1640 2597 1856 2657 Eadem
1900 2599 2057 2672 apud
2102 2597 2475 2658 Plutarchum
2523 2600 2648 2676 (vit.
2697 2603 2832 2680 Lyc.
2881 2619 2930 2662 c.
2989 2599 3085 2674 16)
3129 2608 3502 2676 exponuntur
3546 2601 3673 2660 his:
3727 2597 4037 2680 γράμματα
4082 2592 4188 2675 μὲν

508 2690 603 2752 οὖν
670 2692 838 2754 ἕνεκα
904 2704 1012 2781 τῆς
1069 2700 1267 2786 χρείας
1329 2700 1671 2784 ἐμάνθανον.
1768 2698 1808 2781 ἡ
1863 2695 2078 2778 δ’ἄλλη
2130 2705 2285 2758 πᾶσα
2336 2697 2559 2760 παιδεία
2609 2701 2747 2788 πρὸς
2797 2701 2859 2765 τύ
2913 2700 3192 2788 ἄρχεσθαι
3262 2702 3459 2773 καλῶς
3505 2701 3726 2785 ἐγένετο
3769 2698 3861 2761 καὶ
3905 2706 4196 2787 καρτερεῖν

504 2802 777 2859 πονοῦντα
828 2798 921 2860 καί
969 2812 1125 2864 νικᾶν
1177 2811 1520 2892 μαχόμενον.
1612 2807 1789 2865 Vides
1837 2807 2036 2875 verba,
2092 2821 2242 2877 quae
2297 2806 2431 2866 inst.
2477 2807 2692 2870 Lacon.
2749 2811 3021 2879 leguntur
3071 2811 3381 2892 γράμματα
3427 2846 3507 2856 -
3555 2806 3878 2890 ἐμάνθανον
3935 2819 3994 2871 et
4046 2806 4086 2889 ἡ
4131 2803 4199 2868 δὲ

504 2901 727 2965 παιδεία
752 2940 829 2950 -
855 2906 1230 2990 ἀποθνήσκειν
1263 2917 1467 2974 eadem
1499 2915 1618 2972 fere
1651 2908 1803 2983 apud
1834 2907 2206 2965 Plutarchum
2243 2910 2506 2983 reperiri.
2575 2912 2687 2971 Sed
2733 2913 3114 2988 PlutarcheiS,
3151 2932 3301 2989 quae
3340 2917 3602 2978 instituta
3637 2914 3919 2975 Laconica
3955 2914 4201 2986 hahent,

504 3012 691 3071 media
738 3013 1075 3087 interposita
1122 3023 1262 3076 sunt
1305 3019 1479 3076 verba
1527 3017 1641 3072 τῶν
1679 3007 1937 3069 δ’ἄλλων
1964 3006 2362 3089 παιδευμάτων
2411 2997 2760 3093 ξενηλασίαν
2808 3010 3088 3077 ἐποιοῦντο
3131 3015 3196 3077 ού
3240 3017 3464 3099 μᾶλλον
3508 3015 3850 3101 ἀνθρώπων,
3894 3014 3934 3097 ἢ
3979 3012 4187 3097 λόγων,

503 3130 654 3188 quae
696 3113 832 3189 Lyc.
877 3131 929 3175 c.
987 3116 1055 3174 16
1101 3118 1275 3191 plane
1316 3119 1540 3177 desunt.
1637 3117 1789 3174 llaec
1832 3122 2025 3174 autem
2068 3123 2125 3173 et
2171 3117 2375 3175 iisdem
2427 3118 2546 3176 ferc
2589 3120 2785 3179 verbis
2830 3128 2887 3178 et
2931 3122 3117 3182 fusius
3164 3133 3537 3198 exponuntur
3581 3125 3712 3200 Lyc.
3761 3119 3887 3183 c.9:
3950 3118 4096 3200 μετὰ
4129 3116 4198 3180 δὲ

504 3217 667 3274 τοῦτο
709 3218 825 3274 τῶν
868 3215 1177 3301 ἀχρήστων
1223 3216 1314 3279 καί
1354 3222 1631 3304 περισσῶν
1677 3214 1907 3277 ἐποιεῖτο
1950 3221 2170 3300 τεχνῶν
2217 3204 2566 3299 ξενηλασίαν
2611 3229 2666 3283 et
2714 3223 2885 3296 paulo
2931 3232 3090 3297 post:
3136 3220 3265 3284 οὐδὲ
3310 3223 3570 3308 ἐπέβαινε
3613 3232 3721 3309 τῆς
3753 3222 4095 3309 Λακωνικῆς
4124 3225 4188 3286 ού

504 3317 778 3404 σοφιστὴς
828 3318 1034 3403 λόγων,
1091 3321 1154 3383 οὐ
1206 3326 1406 3405 μάντις
1457 3318 1749 3409 ἀγυρτικὰς
1798 3319 1947 3415 κτλ..
2005 3323 2077 3381 ad
2132 3338 2282 3397 quae
2333 3333 2599 3399 spectare
2644 3332 2803 3400 patet
2855 3341 2942 3398 ea,
2995 3344 3146 3401 quae
3191 3331 3325 3391 inst.
3373 3333 3500 3392 Lac.
3546 3333 3819 3408 leguntur
3863 3326 3926 3389 ού
3970 3330 4198 3410 μᾶλλον

502 3424 839 3511 ἀνθρώπων.
910 3427 1112 3502 Neque
1152 3430 1396 3491 dubium
1445 3438 1553 3504 est,
1584 3430 1724 3505 quin
1755 3426 2026 3501 scriptor,
2057 3425 2128 3482 ad
2163 3441 2334 3498 quem
2383 3429 2581 3487 redeat
2622 3428 2879 3499 libellus,
2926 3429 3069 3488 haec
3104 3431 3305 3491 rodem
3333 3434 3555 3506 ordine,
3620 3450 3736 3509 quo
3764 3436 3823 3494 iu
3854 3435 4036 3497 instit.
4062 3438 4195 3499 Lac.

503 3532 719 3607 scripta
766 3531 1034 3590 videmus
1077 3532 1233 3605 apud
1275 3548 1429 3601 eum,
1477 3547 1649 3605 quem
1696 3533 1932 3588 secutus
1975 3531 2065 3584 est
2109 3533 2405 3587 auctorem
2451 3530 2767 3604 invenerim
2814 3545 2947 3588 nam
2997 3530 3094 3589 vix
3136 3533 3306 3592 aliter
3347 3536 3623 3609 explicari
3673 3544 3883 3611 potest,
3928 3540 4084 3611 quod
4131 3541 4192 3601 in

508 3633 708 3693 libello
766 3632 1271 3708 neglegentissime
1323 3632 1686 3706 conscripto,
1759 3644 1890 3687 cum
1944 3627 2091 3686 alias
2143 3633 2299 3687 totus
2355 3631 2664 3691 verborum
2735 3631 3011 3692 circuitus
3069 3632 3219 3692 idem
3276 3638 3428 3709 apud
3485 3644 3796 3712 utrumque
3850 3640 4196 3716 reperiatur,

510 3733 852 3807 interposita
894 3741 1032 3793 sunt
1071 3736 1377 3807 quaedam,
1424 3747 1576 3808 quae
1621 3731 1679 3789 in
1726 3731 1843 3789 vita
1871 3728 2118 3804 Lycurgi
2162 3729 2279 3788 alio
2328 3733 2455 3791 loco
2500 3741 2891 3809 exponuntur.
2962 3731 3194 3794 Accedit
3240 3738 3393 3809 quod
3443 3741 3700 3814 exceptis
3748 3743 3942 3803 verbis
3985 3739 4190 3802 τῶνδὲ

509 3831 712 3894 ἄλλων
761 3867 831 3876 --
882 3833 923 3916 ὴ
965 3831 1150 3914 λόγων
1193 3852 1280 3910 ea,
1324 3852 1475 3912 quae
1519 3833 1702 3894 instit.
1748 3832 1878 3890 Lac.
1927 3831 2010 3909 ἓξ
2045 3831 2104 3901 4,
2151 3831 2210 3903 5,
2243 3832 2280 3890 6
2338 3834 2629 3910 leguntur,
2676 3839 3028 3896 verbotenus
3073 3837 3249 3895 hahet
3293 3837 3640 3902 Plutarchus
3682 3844 3781 3902 vit.
3835 3842 3968 3919 Lyc.
4012 3863 4063 3907 c.
4116 3847 4192 3909 16

505 3946 652 3999 extr.
732 3938 931 4014 Neque
978 3938 1196 3998 nullius
1241 3937 1517 3998 momenti
1559 3943 1667 4009 est,
1711 3936 1867 4009 quod
1913 3949 2064 4008 quae
2106 3932 2261 4007 apud
2307 3941 2621 4011 utrumque
2664 3939 2737 3997 dc
2781 3954 2981 3997 amore
3025 3954 3335 4012 puerorum
3383 3959 3452 4001 ac
3490 3945 3701 4005 deinde
3746 3948 3819 4005 de
3861 3948 4194 4011 eruditione

504 4041 780 4100 dicuntur
847 4040 992 4117 (cfr.
1040 4038 1221 4098 instit.
1260 4039 1391 4099 Lac.
1438 4039 1478 4116 ξ
1521 4037 1587 4098 7:
1656 4033 1793 4121 ἐρᾶν
1858 4038 1973 4094 τῶν
2027 4030 2133 4115 τὴν
2176 4031 2370 4117 ψυχὴν
2414 4037 2727 4100 σπουδαίων
2770 4038 2982 4100 παίδων
3052 4037 3256 4124 ἐφίετο.
3349 4045 3482 4122 Lyc.
3526 4063 3577 4107 c.
3634 4047 3734 4106 17:
3804 4043 3919 4128 ἤδη
3961 4043 4027 4108 δὲ
4077 4055 4195 4122 τοῖς

503 4140 854 4223 τηλικαύτας
896 4138 1129 4227 ἐρασταὶ
1173 4144 1289 4201 τῶν
1330 4138 1636 4222 εὐδοκίμων
1688 4138 1833 4201 νέων
1876 4138 2434 4224 συνανεστρὲφοντο.)
2480 4148 2551 4207 ad
2596 4164 2659 4207 ea
2716 4148 2863 4223 ipsa,
2908 4163 3058 4222 quae
3109 4148 3418 4223 utrobique
3472 4149 3675 4210 iisdem
3731 4154 3926 4214 verbis
3975 4157 4192 4232 scripta

510 4247 781 4308 videmus
827 4249 971 4323 (inst
1034 4249 1169 4309 Lac.
1213 4246 1297 4325 ἐξ
1345 4249 1406 4322 4,
1461 4248 1520 4320 5,
1566 4247 1625 4310 6.
1671 4249 1807 4323 Lyc.
1852 4262 1902 4306 c.
1956 4244 2076 4320 16),
2120 4247 2388 4305 adiuncta
2435 4256 2591 4308 sunt.

809 4351 1025 4412 Eodem
1080 4351 1374 4427 pertinent
1425 4367 1514 4426 ea,
1578 4366 1728 4426 quae
1780 4353 1918 4412 inst.
1966 4349 2099 4409 Lac.
2148 4350 2222 4408 de
2274 4349 2506 4409 furandi
2568 4352 2798 4412 licentia
2844 4351 3263 4426 Spartanorum
3324 4354 3518 4425 pueris
3572 4369 3846 4417 concessa
3914 4360 4191 4421 dicuntur

505 4451 572 4531 (ξ
624 4450 720 4526 12,
772 4450 890 4529 13):
978 4450 1276 4514 κλέπτουσι
1320 4448 1385 4513 δὲ
1429 4451 1477 4513 οί
1528 4451 1640 4514 νέοι
1693 4452 1786 4514 καί
1846 4450 1961 4513 τῶν
2013 4449 2229 4524 σιτίων,
2294 4450 2374 4510 ὅτι
2431 4453 2500 4510 ᾰν
2562 4449 2865 4527 δύνωνται,
2929 4451 3319 4533 μανθάνοντες
3379 4450 3606 4537 εὐφυῶς
3670 4454 4019 4522 ἐπιτίθεσθαι
4074 4469 4192 4534 τοῖς

501 4551 870 4615 καθεύδουσιν
933 4555 973 4639 ἦ
1044 4558 1321 4642 ῥαθύμως
1363 4557 1734 4644 φυλάσσουσι·
1791 4561 1875 4644 τῷ
1927 4554 1993 4620 δὲ
2064 4554 2256 4617 ἁλόντι
2318 4557 2508 4639 ζημία
2567 4556 2779 4641 πληγαί
2833 4555 2925 4618 καὶ
2976 4555 3040 4618 τὸ
3090 4559 3309 4639 πεινῆν.
3385 4555 3649 4646 γλίσχρον
3692 4562 3799 4649 γάρ
3844 4565 4032 4637 αὐτοῖς
4074 4565 4190 4631 ἐστι

500 4657 739 4734 δεῖπνον,
792 4657 945 4731 ὅπως
993 4660 1056 4723 δι’
1113 4662 1301 4726 αὐτῶν
1346 4665 1680 4747 ἀμυνόμενοι
1724 4663 1831 4748 τὴν
1878 4661 2092 4725 ἔνδειαν
2134 4661 2573 4745 ἀναγκάζωνται
2616 4662 2839 4746 τολμᾶν
2885 4660 2977 4724 καί
3016 4666 3358 4747 πανουργεῖν.
3447 4664 3740 4730 Hactenus
3784 4673 3986 4732 cadem
4031 4676 4186 4749 apud

500 4775 816 4841 utrumque
860 4769 1035 4829 verba
1082 4771 1353 4847 leguntur
1394 4771 1540 4846 (Cir.
1587 4772 1723 4849 Lyc.
1754 4789 1805 4832 c.
1843 4770 1962 4845 17).
2050 4767 2275 4843 Fui-ari,
2321 4769 2405 4828 ait
2447 4778 2711 4846 uterque,
2757 4769 2955 4847 pueris
2990 4765 3578 4828 Lacedaemoniorum
3625 4770 3799 4833 licere
3842 4781 3899 4833 et
3942 4790 4184 4849 parcum

503 4870 714 4931 victum
766 4871 840 4933 iis
882 4873 1031 4947 dari,
1074 4881 1140 4932 nt
1191 4873 1301 4950 ipsi
1356 4874 1612 4950 inopiam
1642 4891 1675 4934 a
1704 4890 1839 4936 sese
1866 4870 2243 4933 defendentes
2269 4872 2522 4932 audaces
2553 4880 2612 4933 et
2639 4871 2817 4932 astuti
2845 4870 3067 4930 flerent.
3139 4869 3299 4938 Quae
3323 4882 3463 4928 vero
3491 4872 3701 4933 deinde
3730 4875 3982 4949 scriptor
4011 4877 4187 4939 buius

502 4971 685 5035 libelli
750 4977 972 5051 profert
1036 4975 1213 5036 etiam
1265 4979 1341 5036 ob
1395 4993 1522 5037 eam
1579 4993 1701 5037 rem
1755 4974 1992 5038 nonnisi
2035 4987 2274 5048 parcum
2323 4973 2539 5035 victum
2587 4974 2784 5049 pueris
2825 4971 3064 5032 concedi
3109 4970 3345 5030 solitum
3394 4990 3543 5048 esse,
3587 4983 3650 5034 ut
3694 4976 3816 5050 apti
3862 4975 4068 5037 tierent
4109 4979 4186 5039 ad

501 5073 709 5135 samem
751 5078 1138 5154 tolerandam,
1180 5095 1313 5140 cum
1360 5080 1471 5139 hoc
1514 5081 1688 5140 modo
1731 5079 1905 5141 etiam
1950 5076 2023 5136 ad
2070 5074 2446 5148 perferendos
2492 5076 2630 5139 belli
2678 5075 2908 5135 labores
2954 5072 3140 5147 magis
3182 5071 3426 5134 idoneos
3470 5077 3698 5136 futuros
3726 5092 3858 5136 esse
3893 5086 4187 5152 putarent,

498 5191 565 5237 ea
629 5180 784 5254 apud
851 5181 1228 5242 Plutarchum
1294 5184 1513 5243 omissa
1579 5182 1867 5243 videmus.
1955 5177 2038 5241 Τὸ
2092 5169 2159 5237 δὲ
2212 5178 2402 5253 inquit
2452 5179 2703 5255 scriptor
2758 5172 2916 5261 ἔργον
2965 5177 3076 5256 τῆς
3129 5171 3423 5244 σιτοδείας.
3482 5178 3594 5244 (sie
3648 5177 4188 5254 interpungendum
