4725 5742
2356 358 2400 423 6

530 566 845 625 Plutarcho
923 567 978 625 in
1050 574 1302 627 mentem
1370 567 1530 627 omni
1602 567 2001 626 institutorum
2068 567 2483 627 Laconicorum
2553 569 2778 629 ratione
2847 571 2904 629 in
2974 570 3092 630 vita
3163 570 3405 644 Lycurgi
3473 569 3708 643 copiose
3759 577 3815 627 et
3901 568 4206 643 perspicue

529 669 792 744 exposita
838 668 1117 746 peculiari
1162 669 1362 728 libello
1406 670 1597 728 denuo
1638 684 1758 728 rem
1804 670 2165 728 tractandam
2207 670 2321 730 sibi
2364 674 2638 731 sumere“
2682 688 2825 730 sane
2868 672 3100 745 quidem
3149 673 3206 731 in
3252 674 3361 730 hac
3403 687 3470 731 re
3501 669 3675 729 certis
3708 670 4058 731 testimoniis
4089 686 4202 729 non

531 773 718 848 magis
773 773 1136 831 adiuvamur
1185 786 1358 844 quam
1417 771 1474 829 in
1527 769 2055 845 apophthegmatis
2144 772 2257 831 Sed
2312 787 2646 846 quanquam
2700 774 2875 833 huius
2933 775 3018 834 rei
3063 781 3255 834 vetera
3299 773 3627 833 testimonia
3677 772 3963 832 habemus
4017 772 4206 838 nulla,

528 885 719 934 tamen
788 874 940 932 haud
1011 873 1331 932 absurdum
1400 871 1664 929 videatur
1719 870 2094 931 Plutarchum
2147 890 2242 932 res
2300 874 2612 934 Laconicas
2675 874 2952 949 peculiari
2999 876 3198 936 libello
3243 882 3491 934 tractare
3536 874 3811 944 voluisse,
3858 872 4195 947 praesertim

526 994 657 1036 cum
746 976 805 1034 in
859 975 975 1033 vita
1032 972 1278 1048 Lycurgi
1343 989 1407 1031 ea
1480 972 1733 1031 maxime
1798 972 2184 1033 exhibeantur
2252 974 2536 1047 instituta,
2602 991 2751 1049 quae
2803 977 2876 1034 ad
2932 977 3458 1051 praeclarissimum
3505 975 3670 1034 illum
3718 975 3908 1050 legum
3960 976 4199 1033 latorem

537 1078 837 1138 referenda
909 1091 1039 1135 esse
1098 1072 1450 1133 Plutarchus
1504 1082 1796 1148 censeret;
1864 1077 1966 1136 sed
2024 1078 2156 1151 quis
2208 1083 2325 1136 tam
2389 1078 2669 1151 praeclari
2727 1078 2941 1153 ingenii
2987 1079 3198 1150 virum,
3243 1080 3471 1152 qualem
3518 1078 3683 1136 illum
3733 1078 3914 1136 fuisse
3957 1085 4203 1145 constat,

526 1181 767 1240 eandem
813 1194 938 1238 rem
986 1176 1192 1235 iisdem
1248 1173 1461 1249 partim
1506 1175 1703 1234 verbis
1749 1184 2194 1236 retractatui-um
2224 1178 2405 1238 fuisse
2428 1175 2760 1239 existimet?
2800 1181 3004 1252 lmmo,
3048 1180 3147 1253 qui
3185 1180 3445 1239 libellum
3481 1179 3796 1238 Plutarcho
3824 1178 4199 1237 tribuendum

526 1284 687 1352 velit,
744 1282 844 1340 vix
900 1281 1088 1337 facere
1138 1277 1344 1351 possit,
1398 1275 1541 1349 quin
1597 1278 1764 1350 quasi
1823 1279 2123 1338 materiam
2177 1282 2472 1354 quandam
2527 1297 2595 1340 co
2654 1282 2917 1341 exhiberi
2973 1288 3207 1351 statuat,
3249 1281 3323 1340 ab
3372 1280 3471 1339 illo
3514 1281 3647 1340 sine
3695 1287 3855 1339 certo
3899 1279 4106 1339 ordine
4149 1283 4203 1339 et

525 1385 774 1444 consilio
839 1380 1171 1450 collectam,
1245 1379 1431 1452 unde,
1499 1393 1652 1451 quae
1712 1386 1847 1454 apta
1914 1380 1966 1439 ei
2021 1380 2388 1455 viderentur,
2453 1382 2606 1441 vitae
2650 1382 2897 1458 Lycurgi
2946 1383 3246 1442 insereret.
3334 1383 3677 1457 Quanquam
3721 1399 3797 1442 ne
3846 1380 3922 1440 ita
3968 1383 4200 1456 quidem

528 1503 731 1546 omnes
774 1480 1147 1544 difficultates
1193 1480 1499 1554 tolluntur,
1548 1497 1677 1540 cum
1725 1487 1783 1539 et
1828 1481 2037 1540 mirum
2088 1482 2355 1541 videatur
2398 1499 2636 1544 necesse
2678 1486 2755 1544 sit
2799 1486 3080 1544 materiae
3121 1486 3358 1544 aliunde
3413 1484 3624 1558 petitae
3669 1499 3956 1558 perpauca
4017 1486 4198 1542 frusta

524 1590 581 1648 in
624 1589 801 1647 vitam
848 1582 1095 1661 Lycurgi
1142 1590 1373 1657 recepta
1418 1599 1549 1644 esse
1592 1597 1784 1657 neque
1828 1583 2080 1658 denique
2126 1584 2505 1643 Plutarchum
2553 1586 2688 1645 talia
2733 1589 3085 1662 compilasse
3131 1586 3451 1647 verisimile
3492 1589 3589 1645 sit.
3674 1585 3834 1654 Quae
3889 1584 3938 1644 si
3982 1586 4056 1644 ab
4100 1585 4202 1643 illo

525 1692 854 1765 conscripta
905 1702 1035 1748 esse
1090 1686 1392 1759 volumus,
1461 1702 1575 1745 non
1634 1685 1751 1746 alio
1797 1686 2043 1746 consilio
2086 1687 2142 1745 id
2188 1687 2404 1745 sactum
2450 1702 2581 1746 esse
2623 1689 2958 1748 existimare
3006 1706 3338 1764 possumus,
3383 1703 3556 1762 quam
3604 1694 3669 1744 ut
3719 1685 3981 1745 collectis
4025 1685 4201 1745 rebus

522 1793 691 1868 quasi
763 1792 1002 1852 materia
1070 1791 1322 1865 quadam
1390 1795 1652 1847 uteretur
1719 1789 1794 1846 ad
1848 1788 2288 1847 drscribendam
2348 1787 2523 1846 vitam
2581 1789 2846 1864 Lycurgi.
2937 1792 3039 1850 ilic
3092 1809 3230 1850 vero
3286 1789 3545 1861 libellus,
3614 1795 3836 1845 tantum
3889 1788 4086 1855 abest,
4139 1796 4202 1846 ut

522 1898 815 1971 Lycurgea
863 1901 1089 1952 tantum
1136 1891 1399 1951 instituta
1445 1887 1758 1961 contineat,
1804 1898 1868 1949 ut
1911 1907 1983 1949 ex
2030 1890 2250 1949 maiore
2294 1887 2492 1961 aliquo
2537 1907 2717 1965 opere
2761 1892 3025 1953 videatur
3069 1902 3377 1968 excerptus
3417 1897 3645 1966 praeter
3685 1889 3984 1964 Lycurgea
4026 1891 4200 1948 etiam

529 2006 895 2073 posterorum
963 2003 1291 2069 temporum
1362 1991 1624 2049 instituta
1684 1992 2015 2051 accuratius
2059 1995 2360 2050 tractante.
2451 1989 2567 2049 Cfr.
2627 1993 2764 2053 Inst.
2823 1995 2953 2055 Lac.
3001 1995 3083 2072 ἓξ
3129 1994 3231 2067 32,
3286 1994 3387 2065 33,
3433 1992 3536 2063 35,
3584 1990 3683 2062 37,
3733 1989 3812 2051 38
3862 1991 3998 2062 alia,
4052 2009 4200 2065 quae

518 2101 591 2158 ad
666 2100 928 2159 instituta
986 2098 1280 2171 Lycurgea
1351 2092 1544 2150 minus
1604 2092 1947 2165 pertinentia
2000 2108 2033 2153 a
2097 2089 2409 2152 Plutarcho
2452 2093 2526 2150 ad
2569 2096 3019 2156 describendam
3077 2098 3252 2156 vitam
3303 2094 3748 2170 praeclarissimi
3795 2093 3952 2153 illius
4010 2096 4197 2168 legum

525 2200 727 2260 latoris
774 2206 1044 2273 excerpta
1090 2213 1219 2256 esse
1264 2195 1358 2253 vix
1406 2193 1713 2267 quisquam
1769 2196 2100 2255 crediderit.
2200 2195 2392 2264 Quare
2440 2193 2519 2266 id,
2560 2199 2714 2270 quod
2764 2198 3054 2274 Gierigius
3098 2198 3318 2268 statuit,
3366 2196 3630 2255 libellum
3676 2195 3989 2254 Plutarcho
4043 2197 4212 2254 abiu-

519 2302 827 2361 dicandum
884 2316 1036 2370 esse,
1098 2312 1434 2372 quanquam
1480 2310 1597 2353 non
1644 2311 1958 2369 possumus
2004 2313 2121 2356 non
2165 2296 2504 2367 concedere,
2546 2315 2676 2358 cum
2722 2318 2915 2375 neque
2960 2299 3339 2359 Plutarchum
3380 2298 3524 2355 haec
3568 2297 3941 2371 compilasse,
3986 2297 4200 2370 quibus

518 2410 778 2462 uteretur
824 2404 882 2461 in
925 2400 1344 2460 conscribenda
1396 2397 1512 2454 vita
1561 2397 1808 2472 Lycurgi
1856 2399 1976 2456 ullo
2021 2401 2194 2459 modo
2241 2402 2560 2460 verisimile
2605 2404 2789 2477 possit
2832 2403 2979 2462 effici
3025 2410 3083 2460 et
3140 2418 3172 2459 6
3202 2402 3318 2458 vita
3344 2398 3589 2473 Lycurgi
3614 2401 3687 2456 ab
3722 2398 3847 2471 ipso
3891 2397 4198 2456 Plutarcho

518 2506 807 2580 exscripta
863 2518 993 2563 esse
1047 2503 1218 2577 plane
1276 2499 1597 2559 absurdum
1643 2499 1720 2558 sit
1763 2501 2019 2572 cred-re,
2075 2509 2268 2561 tamen
2331 2504 2486 2579 quod
2542 2505 2616 2563 dc
2668 2505 2895 2579 origine
2940 2504 3067 2564 eius
3110 2501 3375 2576 opusculi
3421 2500 3794 2571 existimavit,
3839 2500 3983 2559 satis
4025 2500 4199 2558 certis

519 2606 879 2676 argumentis
928 2612 1118 2680 potest
1163 2602 1370 2662 refelli.

826 2761 1017 2832 Atque
1087 2757 1165 2814 ita
1233 2754 1467 2828 quidem
1538 2755 1610 2812 de
1664 2751 1890 2825 origine
1936 2752 2120 2811 libelli
2174 2756 2464 2831 Gierigius
2531 2759 2665 2817 tulit
2720 2759 3020 2829 iudicium,
3092 2763 3156 2815 ut
3210 2772 3244 2813 a
3289 2760 3454 2829 patre
3507 2755 3762 2828 quodam
3806 2754 4055 2814 familias
4100 2761 4200 2812 aut

520 2859 844 2917 litterarum
896 2857 1176 2931 magistro
1222 2872 1355 2914 eum
1405 2855 1613 2929 partim
1661 2870 1694 2913 6
1737 2854 1852 2912 vita
1886 2853 2155 2928 Lycurgi,
2202 2858 2411 2930 partim
2457 2859 2693 2919 aliunde
2733 2860 3094 2935 exscriptum
3138 2875 3268 2919 esse
3318 2864 3579 2917 censeret
3624 2857 3682 2915 in
3728 2874 3901 2916 usum
3945 2858 4196 2917 filiorum

517 2961 609 3018 vel
654 2959 1102 3033 discipulorum;
1147 2974 1263 3032 qua
1305 2958 1633 3017 coniectura
1679 2972 1883 3015 omnes
1926 2956 2007 3015 ait
2051 2956 2420 3019 difficultates
2467 2977 2831 3023 evanescere.
2914 2962 3031 3021 Cir.
3079 2963 3118 3020 l.
3164 2978 3196 3018 c
3262 2979 3319 3035 p.
3363 2959 3460 3019 Xl.

831 3112 946 3171 Sed
992 3126 1348 3185 praepopcre
1392 3111 1450 3169 in
1496 3109 1606 3166 hac
1651 3124 1714 3166 re
1758 3106 2046 3180 Gierigius
2099 3110 2231 3168 tulit
2269 3111 2569 3183 iudicium,
2610 3114 2761 3187 quod
2796 3114 3060 3173 libellum
3092 3132 3124 3173 6
3164 3112 3282 3170 vita
3321 3112 3563 3187 Lycurgi
3597 3109 3805 3185 partim
3841 3110 4196 3184 exscriptum

527 3236 657 3279 esse
701 3215 995 3277 censebat.
1085 3211 1283 3285 Neque
1328 3212 1481 3271 enim
1533 3212 1659 3270 sola
1706 3210 2017 3269 verborum
2065 3210 2448 3272 similitudine
2493 3213 2549 3270 id
2594 3215 2874 3287 sequitur,
2925 3216 3037 3275 nisi
3086 3215 3343 3274 instituta
3392 3213 3668 3272 Laconica
3725 3219 3859 3286 post
3902 3211 4196 3271 Plutarchi

535 3326 781 3379 aetatem
826 3314 1155 3388 conscripta
1199 3330 1329 3375 esse
1372 3322 1539 3373 autea
1589 3312 2103 3385 demonstraveriS,
2151 3313 2208 3371 id
2254 3315 2411 3388 quod
2454 3315 2616 3374 nullo
2661 3324 3002 3390 argumento
3048 3332 3121 3375 ne
3165 3315 3481 3374 verisimile
3524 3310 3758 3388 quidem
3807 3321 3994 3388 potest
4027 3314 4196 3373 effici.
4277 3304 4280 3309 ’

522 3422 723 3494 Neque
788 3418 1120 3494 respexisse
1185 3416 1415 3476 videtur
1483 3416 1772 3490 Gierigius
1835 3430 1983 3484 eam,
2052 3430 2224 3487 quam
2293 3416 2560 3475 videmus
2620 3419 2930 3478 verborum
2992 3416 3435 3478 similitudinem
3500 3432 3616 3474 non
3663 3416 3856 3474 minus
3910 3417 4077 3475 facile
4120 3418 4196 3476 ita

522 3522 801 3597 explicari
848 3536 1039 3595 posse,
1097 3526 1160 3579 ut
1206 3518 1580 3577 Plutarchum
1629 3524 1685 3576 et
1728 3515 1904 3575 huius
1952 3515 2135 3573 libelli
2180 3516 2524 3590 scriptorem
2570 3518 2644 3577 ab
2684 3522 2886 3580 eodem
2939 3529 3175 3581 auctore
3218 3529 3493 3594 tanquam
3538 3520 3698 3578 fonte
3730 3534 3824 3578 res
3855 3517 4198 3590 repetivisse

526 3633 872 3686 statuamus.
960 3622 1112 3692 Quid
1179 3622 1335 3694 quod
1399 3619 1610 3694 partim
1661 3618 1776 3677 alia
1831 3617 1927 3676 hic
1981 3616 2131 3674 liber
2192 3616 2449 3689 exhibet,
2494 3635 2740 3693 quorum
2790 3624 2848 3682 in
2900 3624 3161 3699 Lycurgo
3205 3640 3279 3682 ne
3323 3622 3537 3681 mentio
3585 3619 3822 3694 quidem
3865 3618 4015 3676 facta
4069 3615 4197 3679 est?

518 3729 715 3801 Neque
785 3724 954 3783 facile
1017 3722 1364 3796 scriptorem
1435 3728 1551 3779 tam
1624 3721 1819 3795 inepte
1882 3734 1975 3777 res
2029 3720 2450 3794 conscripsisse
2501 3724 2818 3784 verisimile
2859 3732 2966 3797 est,
3022 3733 3085 3783 ut
3143 3740 3326 3798 pauca
3370 3741 3402 3783 e
3447 3722 3691 3798 Lycurgi
3746 3720 3860 3779 vita
3909 3728 4197 3780 mutuaret

523 3831 711 3902 iisque
783 3826 1100 3886 nonnullos
1177 3823 1608 3897 quodammodo
1670 3837 1896 3897 pannos
1985 3819 2222 3878 aliunde
2277 3823 2486 3895 petitos
2526 3836 2786 3887 assueret
2831 3830 2922 3887 vel
2970 3827 3165 3900 potius
3209 3826 3508 3886 insereret.
3599 3826 3801 3891 lmmo,
3855 3823 3906 3882 si
3952 3838 4045 3882 res
4091 3828 4198 3881 hoc

522 3931 722 3990 libello
793 3935 1063 3987 narratae
1129 3943 1160 3983 6
1223 3927 1341 3983 vita
1403 3923 1650 4001 Lycurgi
1702 3923 2035 3991 fluxissent,
2110 3921 2208 3980 vix
2272 3923 2516 3984 dubium
2579 3944 2709 3988 esse
2753 3938 2970 4004 potest,
3026 3931 3167 4005 quin
3208 3945 3274 3988 ea
3318 3929 3473 4003 ipsa,
3532 3944 3682 4002 quae
3725 3926 4073 3985 Plutarchus
4119 3925 4200 3985 ibi

525 4032 839 4092 memoriae
902 4028 1161 4102 tradidit,
1229 4028 1339 4087 hoc
1408 4028 1607 4087 libello
1679 4025 2095 4085 exhiberentur
2147 4025 2314 4097 quasi
2370 4026 2429 4086 in
2485 4031 2775 4104 epitomen
2821 4040 3037 4104 coacta,
3082 4047 3197 4091 non
3246 4031 3528 4106 permixta
3573 4029 3705 4087 aliis
3747 4029 3924 4086 rebus
3967 4027 4203 4089 aliunde

520 4136 737 4210 petitis.
830 4133 894 4192 ln
967 4131 1205 4190 eandem
1276 4131 1396 4188 fere
1439 4129 1787 4188 sententiam
1832 4126 2153 4200 disputavit
2198 4128 2615 4204 Volkmannus,
2659 4135 2757 4207 qui
2806 4134 3070 4194 instituta
3116 4132 3394 4192 Laconica
3441 4148 3473 4190 e
3520 4130 3782 4205 Lycurgo
3841 4130 4015 4202 petita
4070 4148 4199 4191 esse

532 4238 607 4295 ob
662 4251 790 4294 eam
825 4250 951 4292 rem
1005 4238 1175 4306 negat
1223 4230 1540 4291 verisimile
1583 4246 1732 4302 esse,
1787 4230 1943 4303 quod
1988 4228 2101 4285 alia
2143 4229 2355 4302 partim
2401 4238 2458 4289 et
2501 4235 2665 4308 plura
2715 4238 2953 4297 libellus
3003 4237 3315 4305 contineat,
3360 4249 3533 4307 quam
3579 4246 3729 4304 quae
3769 4229 3888 4289 vita
3947 4232 4195 4308 Lycurgi

532 4336 762 4396 habeat.
851 4335 1018 4405 Quod
1072 4337 1172 4395 ille
1215 4335 1477 4394 effecisse
1539 4331 1655 4392 sibi
1707 4332 1937 4392 videtur
1981 4345 2315 4404 quanquam
2360 4334 2516 4394 haud
2563 4338 3012 4412 improbandum
3062 4352 3385 4407 censemuS,
3430 4341 3624 4392 tamen
3669 4332 3728 4391 id
3772 4332 3984 4406 ipsum,
4042 4335 4199 4408 quod

526 4444 756 4513 praeter
802 4437 1146 4497 Plutarchea
1200 4438 1370 4496 etiam
1428 4433 1544 4493 alia
1586 4433 1698 4493 hoc
1741 4435 1941 4494 libello
1984 4438 2318 4505 narrantur,
2363 4450 2479 4496 non
2524 4444 2642 4499 tam
2687 4440 2881 4515 magni
2928 4439 3209 4499 momenti
3253 4444 3343 4497 est
3407 4452 3581 4510 quam
3628 4435 3785 4510 quod
3831 4450 3918 4507 ea,
3971 4451 4122 4510 quae
4163 4452 4200 4493 a

521 4541 835 4599 Plutarcho
881 4547 1019 4598 sunt
1064 4540 1273 4612 aliena,
1317 4554 1449 4596 cum
1496 4535 1590 4608 iis,
1644 4550 1793 4608 quae
1836 4537 1970 4596 inde
2010 4534 2284 4595 videntur
2327 4540 2525 4614 petita,
2572 4543 2857 4618 permixta
2904 4548 3060 4601 sunt.
3147 4540 3347 4614 Neque
3389 4537 3546 4597 enim
3589 4538 3832 4597 dubium
3888 4543 3995 4605 est,
4056 4538 4196 4611 quin

511 4644 572 4703 si
642 4640 893 4715 scriptor
953 4657 986 4700 6
1038 4642 1270 4700 duobus
1324 4638 1604 4714 operibus
1656 4654 1750 4696 res
1800 4638 2115 4711 hausisset,
2172 4641 2518 4701 Plutarchea
2567 4645 2643 4703 ab
2685 4644 2893 4703 alienis
2939 4643 3275 4703 videremus
3318 4641 3597 4701 seiuncta.
3696 4640 3940 4699 Tantum
4001 4647 4196 4699 autem

526 4745 711 4816 abest,
784 4748 869 4815 ut,
943 4758 1092 4816 quae
1148 4741 1439 4802 Plutarchi
1505 4739 1796 4812 videntur,
1856 4739 2099 4799 alteram
2158 4750 2378 4815 partem
2443 4744 2625 4804 libelli
2686 4744 2957 4819 efficiant,
3022 4746 3264 4804 alteram
3317 4758 3411 4803 res
3464 4742 3699 4801 aliunde
3755 4748 4079 4814 mutuatae,
4131 4749 4197 4800 ut

523 4843 885 4905 Plutarcheis
928 4844 1118 4902 aliena
1163 4845 1362 4904 videas
1393 4843 1631 4914 inserta,
1675 4841 1885 4901 alienis
1929 4858 2134 4901 rursus
2182 4842 2545 4905 Plutarchea.
2634 4847 2891 4920 Accedit,
2939 4848 3097 4920 quod
3139 4846 3190 4906 si
3234 4844 3469 4904 libellus
3512 4859 3545 4902 e
3576 4843 3842 4920 Lycurgo
3885 4849 4192 4917 excerptus

513 4953 697 5018 esset,
765 4961 851 5017 ea,
918 4961 1068 5019 quae
1120 4954 1316 5007 essent
1357 4945 1677 5017 Plutarchi,
1730 4944 1859 5003 sine
1911 4943 2091 5002 dubio
2156 4945 2360 5003 eodem
2405 4946 2630 5021 ordine,
2675 4965 2792 5023 quo
2836 4965 2931 5010 res
2977 4949 3036 5008 in
3081 4965 3146 5009 ea
3192 4948 3312 5007 vita
3357 4945 3713 5019 compositae
3764 4952 3921 5018 sunt,
3975 4946 4193 5021 scripta

518 5046 932 5124 reperirentur.
1003 5048 1117 5107 Sed
1160 5056 1223 5107 ut
1268 5049 1327 5108 in
1372 5049 1444 5108 iis
1489 5048 1684 5119 rebus,
1729 5062 1876 5121 quas
1920 5053 2166 5120 uterque
2208 5045 2405 5121 habet,
2451 5049 2655 5109 eodem
2697 5057 3011 5125 utrumque
3044 5049 3250 5110 ordine
3280 5064 3452 5108 usum
3485 5046 3771 5117 videmus,
3815 5045 3895 5104 ita
3924 5062 4194 5107 nonnun-

508 5167 694 5228 quam
735 5164 930 5208 rerum
975 5151 1119 5210 ordo
1165 5150 1225 5209 in
1270 5149 1558 5210 institutis
1602 5148 1907 5210 Laconicis
1950 5154 2344 5209 commutatus
2388 5154 2497 5209 est.
