4725 5742
2329 363 2408 427 12

510 569 823 643 quisquam
878 566 1153 645 negabit?
1239 571 1372 645 lpse
1430 569 1706 645 Polybius
1762 568 1935 628 etiam
1992 583 2125 628 eum
2174 585 2369 628 rerum
2416 575 2657 642 statum,
2701 570 2894 645 qualis
2939 577 3075 629 ante
3127 570 3368 630 Nabidis
3413 572 3779 647 tyrannidem
3824 575 4013 635 suerat
4054 573 4201 649 (Cir.

514 670 719 745 Polyb.
764 670 859 742 lV,
904 667 1007 743 81,
1057 669 1157 729 ubi
1207 669 1511 745 pristinam
1557 671 1840 730 lationem
1885 686 1916 728 a
1960 670 2271 730 Cleomene
2318 669 2377 728 iu
2423 673 2791 747 tyrannidem
2820 679 3235 732 commutatam
3279 689 3411 733 esse
3455 672 3700 747 narrat),
3758 675 4202 735 acerbissimam

510 772 660 830 dixit
722 771 1085 831 servitutem.
1174 770 1347 830 Juvat
1391 778 1578 831 totum
1636 771 1826 830 locum
1877 772 1997 849 (lv,
2054 769 2156 845 81,
2224 769 2294 829 12
2341 768 2491 841 -14)
2546 773 2773 847 afferre,
2828 774 3168 848 praesertim
3224 791 3356 834 cum
3414 791 3531 834 nou
3588 775 3838 835 multum
3892 776 4072 837 distet
4128 777 4201 835 ab

511 874 743 948 epilogo
806 872 981 933 huius
1052 873 1254 933 libelli.
1343 868 1769 952 Λακεδαιμόνιοι
1825 868 1928 953 μὲν
1980 871 2076 933 ούν
2129 868 2238 932 ἀπὸ
2288 872 2396 951 τῆς
2450 869 2771 958 Λυκούργου
2824 874 3165 953 νομοθεσίας
3217 873 3501 956 καλλίστη
3545 880 3895 961 χρησάμενα
3946 876 4197 958 πολιτείᾳ

512 962 603 1027 καί
648 964 914 1047 μεγίστην
955 963 1186 1049 ἔχοντες
1226 963 1460 1048 δύναμιν
1505 965 1618 1039 ἕως
1659 971 1764 1056 τῆς
1807 966 1867 1029 ἐν
1915 966 2227 1052 Λεύκτροις
2271 969 2471 1050 μάχης
2515 965 2790 1053 άπαύτῆς
2833 965 2920 1031 ἐπὶ
2962 969 3230 1032 τάναντία
3272 970 3582 1056 τραπείσης
3636 969 3823 1041 αὐτοῖς
3867 974 3983 1054 τῆς
4023 973 4205 1059 τύχης

510 1061 603 1124 καί
642 1060 951 1142 τοῦμπαλιν
995 1058 1080 1122 ἐπὶ
1124 1060 1188 1122 τὸ
1236 1069 1423 1150 χεῖρον
1469 1064 1555 1126 ἀεὶ
1600 1063 1694 1127 καὶ
1738 1064 1965 1146 μᾶλλον
2010 1065 2123 1145 τῆς
2163 1060 2463 1129 πολιτείας
2508 1061 2695 1124 αὐτῶν
2738 1063 3152 1151 προβαινούσης
3192 1064 3364 1136 τέλος
3404 1066 3688 1129 πλείστων
3731 1064 3836 1149 μὲν
3882 1072 4067 1132 πόνων
4114 1086 4204 1146 καὶ

512 1171 769 1229 στάσεων
821 1164 1114 1251 ἐμφυλίων
1167 1175 1361 1255 πεῖραν
1420 1169 1592 1255 εἶχον,
1644 1169 1925 1238 πλείστοις
1975 1166 2350 1229 δ’έπάλαισαν
2405 1165 2752 1250 άναδασμοῖς
2801 1168 2893 1232 καὶ
2945 1177 3166 1256 φυγαῖς,
3208 1175 3550 1257 πικροτάτης
3606 1170 3670 1234 δὲ
3711 1171 3975 1246 δουλείας
4010 1183 4202 1263 πεῖραν

511 1272 724 1355 ἐλαβον
790 1269 903 1342 ἕως
955 1275 1070 1357 τῆς
1121 1271 1371 1358 Νάβιδος
1420 1275 1745 1362 τυραννίδος
1800 1274 1848 1337 οἱ
1900 1271 1964 1334 τὸ
2005 1269 2128 1357 πρὶν
2170 1267 2300 1333 οὐδὲ
2343 1270 2590 1354 τοῦνομα
2631 1272 2980 1356 δυνηθέντες
3025 1274 3378 1360 ἀνασχέσθαι
3424 1275 3638 1360 ῥᾳδίως
3680 1277 3840 1364 αύτῆ
3850 1303 3895 1350 ς.
3987 1284 4206 1353 Quodsi

512 1383 625 1441 iam
696 1378 814 1437 illis
879 1380 1242 1455 temporibus
1285 1381 1500 1442 civium
1547 1382 1812 1443 condicio
1852 1381 2159 1465 πικροτάτη
2204 1375 2436 1439 δουλεία
2480 1380 2598 1440 dici
2645 1381 2852 1456 potuit,
2899 1399 3096 1443 nonne
3142 1383 3195 1442 id
3243 1383 3430 1442 inulto
3483 1384 3668 1460 magis
3721 1388 3935 1447 cadere
3975 1385 4204 1444 videtur

512 1484 572 1543 in
614 1482 991 1542 Machanidae
1054 1481 1413 1557 Nabidisque
1472 1493 1754 1560 tempora,
1821 1501 1852 1544 a
1908 1485 2123 1561 quibus
2174 1482 2442 1559 tyrannis
2503 1483 2562 1542 in
2620 1482 2916 1543 duriorem
2963 1484 3303 1545 servitutem
3349 1483 3507 1544 cives
3555 1502 3691 1546 esse
3737 1498 3967 1550 coactos
4010 1484 4203 1562 patet?

509 1588 579 1645 Et
643 1600 774 1643 cum
828 1600 944 1644 non
996 1583 1114 1643 alio
1171 1593 1435 1660 tempore
1479 1587 1967 1647 Lacedaemonios
2019 1601 2151 1645 esse
2209 1585 2268 1644 in
2324 1585 2667 1644 servitutem
2711 1587 2985 1661 delapsos
3029 1586 3235 1645 eodem
3281 1584 3407 1643 iure
3450 1586 3572 1645 diei
3625 1590 3830 1663 possit,
3878 1592 4053 1650 verba
4102 1586 4200 1650 ὑπὸ

506 1691 623 1747 τῶν
666 1684 817 1745 ἰδίων
860 1681 1106 1745 πολιτῶν
1153 1683 1648 1772 ἐτυραννεύθησαν
1679 1720 1752 1730 --
1787 1686 1867 1756 εἰς
1908 1684 2173 1748 δουλείαν
2220 1685 2599 1767 μετέστησαν,
2647 1688 2787 1762 quin
2834 1689 2905 1747 ad
2952 1704 3016 1747 ea
3062 1695 3324 1761 tempora
3370 1696 3651 1762 spectent,
3700 1691 3915 1764 quibus
3962 1710 3993 1751 a
4033 1694 4201 1754 Cleo-

506 1807 677 1852 mene
720 1806 788 1848 ae
830 1798 1027 1866 postea
1074 1790 1329 1851 maxime
1372 1807 1404 1850 a
1454 1793 1799 1852 Machanida
1847 1801 1906 1854 et
1948 1793 2096 1853 Nabi
2139 1792 2298 1852 cives
2343 1799 2586 1852 vexatos
2631 1807 2762 1850 esse
2802 1796 3031 1849 constat
3075 1788 3316 1847 dubium
3363 1804 3496 1849 esse
3540 1806 3657 1850 non
3708 1799 3918 1866 potest.
3975 1796 4199 1866 Quibus

507 1893 873 1970 temporibus
946 1910 1009 1953 re
1078 1910 1215 1953 vera
1280 1910 1400 1954 non
1463 1895 1653 1955 solum
1718 1895 2026 1969 pristinam
2082 1894 2669 1954 Lacedaemoniorum
2740 1892 2983 1966 gloriam
3030 1908 3064 1948 a
3119 1889 3417 1949 veteribus
3471 1898 3774 1968 tantopere
3827 1897 4199 1967 celebratam,

507 2014 708 2058 verum
759 1995 936 2055 etiam
978 1995 1208 2055 dicendi
1253 1996 1580 2072 agendique
1623 1997 1954 2058 libertatem
2000 1998 2239 2057 omnino
2283 1996 2563 2055 amissam
2608 2010 2739 2056 esse
2778 2009 2847 2053 ex
2896 1993 2990 2065 iis,
3039 2008 3191 2066 quae
3237 1991 3515 2066 Polybius
3559 1995 3632 2052 de
3676 1995 3793 2057 illis
3835 2001 4199 2074 temporibus

510 2100 824 2160 memoriae
869 2097 1144 2172 prodidit,
1191 2098 1412 2173 liquido
1457 2107 1633 2175 patet.
1724 2101 1844 2161 Ct'r.
1893 2101 2029 2159 inst.
2076 2101 2208 2160 Lac.
2255 2094 2362 2179 τὴν
2406 2094 2653 2182 πρόσθεν
2699 2094 2959 2156 εὔκλειαν
3007 2091 3100 2154 καὶ
3141 2091 3459 2179 παρρησίαν
3505 2094 3797 2162 ἀπέθεντο.
3866 2102 4026 2172 Quae
4067 2120 4196 2163 eum

510 2203 587 2261 ita
628 2203 766 2272 siut,
813 2200 1245 2260 Volkmannum
1289 2219 1406 2261 non
1454 2211 1610 2262 recte
1654 2204 2100 2280 interpretatum
2144 2216 2275 2262 esse
2318 2210 2577 2262 extrema
2624 2202 2804 2261 verba
2849 2199 3063 2276 epilogi
3112 2205 3370 2272 apparet,
3416 2198 3516 2273 qui
3564 2201 3778 2261 librum
3811 2204 3887 2262 ob
3919 2219 4044 2262 eam
4081 2221 4199 2264 rem

508 2303 825 2363 Plutarcho
892 2317 1009 2361 uon
1084 2319 1215 2363 esse
1262 2304 1639 2365 tribuendum
1696 2306 1988 2381 opinatur,
2036 2305 2192 2377 quod
2249 2304 2515 2364 condicio
2575 2304 2925 2363 Graecarum
2975 2300 3272 2359 civitatum
3321 2301 3619 2363 Plutarchi
3664 2306 4027 2379 temporibus
4073 2307 4196 2366 iure

508 2403 737 2465 δουλεία
799 2404 913 2463 dici
977 2421 1092 2464 non
1158 2406 1361 2481 possit.
1452 2407 1564 2466 Sed
1628 2423 1962 2482 quanquam
2016 2405 2257 2464 allatum
2312 2412 2716 2481 argumentum
2776 2403 3015 2464 omnino
3072 2418 3186 2461 uon
3250 2404 3406 2464 cadit
3446 2405 3503 2464 iu
3547 2407 3702 2466 hunc
3748 2406 3929 2466 libelli
3976 2408 4186 2477 locum,

507 2530 638 2572 cum
708 2526 824 2570 non
892 2515 1099 2583 agatur
1160 2509 1233 2567 de
1285 2506 1523 2568 Graecis
1588 2525 1622 2567 a
1674 2508 1953 2568 Romanis
1998 2509 2055 2567 in
2108 2508 2392 2567 servitute
2442 2508 2684 2578 habitis,
2741 2514 2956 2577 tamen,
3012 2505 3171 2578 quod
3229 2505 3488 2567 effecisse
3534 2508 3633 2567 ille
3675 2509 3790 2568 sibi
3838 2509 4068 2568 videtur
4112 2512 4184 2569 de

508 2625 789 2689 tempore,
836 2625 953 2686 quo
995 2610 1249 2684 scriptus
1293 2609 1371 2669 sit
1418 2609 1674 2684 libellus,
1719 2610 1833 2669 iam
1880 2615 2040 2668 recte
2083 2626 2149 2669 se
2192 2611 2413 2670 babere
2458 2608 2809 2668 videbimus.

810 2714 893 2773 Ex
952 2711 1024 2772 iis
1076 2711 1252 2784 enim,
1307 2725 1457 2786 quae
1511 2712 1851 2787 disputavit,
1905 2712 2140 2787 collegit
2208 2711 2609 2770 Volkmannus
2650 2726 2782 2769 eum
2836 2710 3199 2783 scriptorem,
3256 2712 3328 2768 ad
3375 2726 3548 2785 quem
3593 2712 3791 2771 redeat
3834 2713 4069 2773 libellus
4113 2715 4184 2772 de

508 2817 787 2877 institutis
830 2814 1153 2885 Laconicis,
1200 2814 1354 2871 haud
1401 2813 1476 2872 ita
1529 2815 1711 2873 multo
1757 2821 1890 2888 post
1934 2818 2323 2888 expugnatam
2350 2811 2692 2871 Corinthum
2738 2825 2886 2885 opus
2931 2827 3101 2869 suum
3147 2811 3586 2886 conscripsisse.
3656 2814 3824 2884 Quod
3849 2831 4181 2891 quanquam

506 2926 661 2977 recte
726 2917 825 2976 ille
884 2915 1101 2987 docuit,
1167 2922 1360 2975 tamen
1424 2931 1541 2976 non
1596 2918 1793 2979 verbis
1854 2912 1945 2975 καὶ
1998 2914 2079 2982 εἰς
2139 2911 2403 2973 δουλείαν
2475 2910 2833 2992 μετέστησαν
2879 2915 2936 2973 id
2983 2914 3439 2985 demonstratur,
3502 2915 3719 2990 quippe
3760 2932 3909 2991 quae
3953 2934 4071 2977 non
4113 2933 4181 2977 eo

500 3026 786 3095 spectent,
851 3033 967 3093 quo
1020 3016 1205 3075 voluit
1252 3018 1670 3090 Volkmannus,
1733 3020 1837 3079 sed
1901 3020 2046 3094 ipsis
2110 3019 2425 3094 postremis
2487 3018 2685 3078 verbis
2730 3015 2944 3093 epilogi
3005 3014 3227 3089 aliquid
3282 3016 3429 3076 lucis
3472 3017 3713 3077 affertur
3755 3021 4023 3094 tempori,
4067 3038 4183 3095 quo

502 3124 800 3182 consectus
850 3135 987 3180 esse
1041 3118 1191 3177 liber
1241 3121 1535 3195 videatur;
1613 3123 1769 3196 quod
1813 3138 1920 3182 cur
1963 3121 2179 3197 sugerit
2224 3122 2651 3181 Volkmannum
2697 3121 2982 3195 aliosque,
3027 3116 3129 3191 qui
3175 3117 3234 3175 in
3278 3117 3392 3177 boc
3433 3120 3716 3192 opusculo
3765 3127 3904 3181 sunt
3947 3123 4180 3193 versati,

507 3227 636 3284 iure
703 3225 955 3284 mireris
1048 3218 1159 3281 Καὶ
1222 3226 1320 3281 νῦν
1375 3224 1564 3300 inquit
1614 3224 1885 3299 scriptor,
1952 3219 2053 3283 ύπό
2089 3219 2398 3302 Ῥωμαίοις
2456 3222 2718 3307 καθάπερ
2772 3220 2819 3281 οἱ
2873 3218 3041 3280 ἄλλοι
3075 3216 3377 3301 Ἕλληνες
3420 3219 3689 3301 ἐγένοντο.
3783 3224 3935 3283 llaec
3982 3223 4181 3295 verba,

504 3328 648 3402 quin
694 3328 858 3387 nullo
903 3328 1019 3387 alio
1062 3335 1327 3402 tempore
1368 3326 1483 3386 nisi
1531 3326 1687 3385 hand
1732 3327 1808 3385 ita
1857 3330 2044 3389 multo
2089 3337 2221 3406 post
2263 3328 2513 3388 deletam
2557 3327 2900 3387 Corinthum
2948 3324 3126 3387 scribi
3175 3327 3488 3399 potuerint,
3534 3328 3632 3386 vix
3676 3333 3866 3401 potest
3906 3325 4181 3383 dubitari.

505 3430 648 3488 Nam
702 3431 777 3489 ab
831 3430 933 3489 illo
986 3439 1247 3505 tempore
1314 3430 1624 3489 universae
1674 3427 1951 3490 Graeciae
1992 3432 2256 3493 civitates
2299 3428 2588 3514 (καθάπερ
2633 3427 2681 3489 οἱ
2725 3426 2894 3489 ἄλλοι
2925 3426 3250 3509 Ἕλληνες)
3298 3430 3500 3487 eadem
3545 3429 3665 3488 sere
3709 3428 3935 3487 ratione
3978 3443 4180 3486 omnes

502 3548 534 3590 a
583 3532 862 3593 Romanis
927 3531 1132 3592 haberi
1189 3535 1428 3605 coeptae
1479 3538 1617 3591 sunt
1664 3538 1721 3589 et
1773 3547 2107 3607 quanquam
2159 3533 2409 3610 singulis
2468 3534 2801 3594 civitatibus
2846 3549 2953 3594 sua
3007 3533 3220 3606 cuique
3268 3529 3416 3590 ratio
3459 3546 3682 3605 suaque
3728 3530 3966 3590 libertas
4009 3531 4181 3588 etiam

506 3642 638 3710 post
681 3636 929 3694 deletam
968 3633 1313 3694 Corinthum
1360 3633 1791 3707 quodammodo
1836 3634 2059 3710 integra
2104 3636 2400 3708 manebat,
2445 3644 2640 3697 tamen
2687 3639 2996 3698 universus
3045 3651 3241 3695 rerum
3287 3638 3474 3691 status
3516 3632 3596 3689 ita
3641 3638 3781 3690 tunc
3811 3639 4188 3691 estcommu-

502 3745 679 3805 tatus,
724 3744 807 3808 ut,
851 3736 1116 3811 quisquis
1159 3734 1454 3809 quomodo
1498 3735 1573 3793 ab
1621 3735 1723 3793 illo
1767 3743 2030 3811 tempore
2072 3736 2276 3796 Graeci
2316 3754 2352 3796 a
2398 3738 2676 3800 Romanis
2722 3740 2904 3799 habiti
2958 3737 3103 3808 sint,
3167 3734 3497 3794 accuratius
3537 3734 4012 3807 consideraverit,
4057 3741 4181 3793 tum

505 3840 695 3913 ipsum
765 3838 1099 3899 universam
1143 3836 1443 3897 Graeciam
1512 3853 1574 3895 re
1629 3852 1763 3896 vera
1820 3839 1880 3897 in
1936 3836 2294 3913 provinciam
2341 3838 2664 3899 Romanam
2721 3857 2851 3901 esse
2904 3841 3201 3900 redactam
3249 3851 3487 3895 necesse
3527 3836 3604 3895 sit
3645 3838 3943 3896 concedat.
4031 3836 4182 3895 Sane

500 3941 736 4015 quidem
789 3941 1051 4010 Augusto
1107 3941 1341 3998 demum
1398 3939 1721 4013 imperante
1761 3938 2064 3999 Graeciam
2124 3940 2480 4014 provinciam
2526 3941 2921 4001 Romanorum
2968 3941 3179 3999 factam
3222 3952 3356 3997 esse
3398 3939 3573 4012 vulgo
3617 3939 3989 4021 dicunt‚.sed
4033 3953 4181 4012 quo-

505 4044 680 4102 modo
734 4058 803 4101 ea
846 4041 1015 4113 ratio,
1085 4057 1199 4114 qua
1245 4040 1450 4100 Graeci
1494 4042 1861 4100 habebantur
1902 4043 1977 4101 ab
2022 4041 2267 4117 Augusti
2313 4042 2699 4117 temporibus,
2742 4046 2817 4103 ab
2863 4060 2930 4103 ea
2976 4040 3337 4114 condicione,
3384 4040 3443 4099 in
3491 4056 3667 4115 quam
3703 4047 3998 4146 generunt
4041 4052 4180 4099 con·

504 4147 667 4204 tinuo
736 4152 868 4218 post
932 4143 1223 4204 excidium
1285 4142 1569 4215 Corinthi,
1634 4142 1881 4215 differat,
1929 4159 2153 4219 nequeo
2206 4143 2571 4220 intellegere;
2634 4146 2748 4207 nisi
2802 4147 2953 4206 forte
2996 4161 3124 4204 eam
3170 4143 3257 4201 vis
3303 4142 3557 4217 aliquam
3603 4141 3986 4200 differentiam
4030 4157 4178 4210 esse,

506 4250 659 4323 quod
714 4246 1009 4323 Augustus
1074 4247 1307 4305 demum
1362 4244 1694 4305 universam
1740 4244 2041 4305 Graeciam
2096 4246 2155 4306 in
2200 4262 2377 4306 uuam
2424 4246 2646 4324 redegit
2689 4247 3047 4323 provinciam
3095 4245 3488 4318 omnibusque
3531 4242 3808 4302 Graeciae
3845 4238 4178 4303 civitatibus

508 4366 818 4411 commune
859 4364 1073 4408 nomen
1102 4346 1355 4407 Achaiae
1399 4345 1733 4421 provinciae
1762 4346 1991 4420 indidit,
2034 4363 2163 4409 cum
2191 4357 2362 4408 antea
2400 4348 2651 4410 Graecas
2678 4350 2942 4410 civitates
2974 4349 3247 4408 libertate
3289 4362 3395 4420 per
3423 4345 3676 4419 speciem
3722 4361 3838 4405 non
3874 4345 4176 4404 imminuta

505 4470 571 4514 re
634 4468 772 4513 vera
837 4451 1208 4510 Macedoniae
1273 4448 1609 4525 provinciae
1659 4448 1962 4509 adiunctas
2022 4448 2204 4509 fuisse
2247 4466 2319 4509 ex
2364 4459 2624 4512 veterum
2669 4452 3017 4526 scriptorum
3064 4446 3437 4520 testimoniis,
3483 4463 3817 4523 quanquam
3860 4445 4077 4504 diserte
4118 4444 4178 4503 id

504 4570 793 4630 nusquam
836 4559 1352 4613 commemoratum
1396 4550 1683 4623 videmus,
1722 4551 1866 4611 satis
1906 4558 2063 4611 certe
2103 4553 2297 4629 colligi
2344 4554 2495 4615 licet.
2583 4553 3070 4630 (Ct‘r.llertzberg.
3121 4550 3161 4608 l.
3206 4549 3245 4608 l.
3295 4548 3312 4605 l
3383 4565 3439 4622 p.
3470 4547 3592 4608 284
3638 4566 3767 4623 sqq.
3813 4547 4169 4623 Marquardt.

506 4657 846 4718 Administr.
888 4655 973 4715 rei
1018 4655 1180 4729 publ.
1208 4656 1376 4716 Rom.
1406 4654 1499 4727 1²,
1533 4670 1588 4728 p.
1636 4649 1922 4728 321sq.).
1988 4655 2119 4728 lpse
2145 4655 2539 4716 Mommsenus
2582 4656 2664 4714 ait
2700 4654 2915 4714 rectius
2958 4652 3217 4712 iudicare
3257 4667 3378 4723 e05,
3422 4651 3523 4724 qui
3554 4651 3854 4709 Graeciam
3900 4649 4174 4709 continuo

506 4767 638 4836 post
682 4757 946 4819 Corinthi
1012 4757 1303 4816 excidium
1357 4753 1731 4814 Macedoniae
1786 4754 2125 4814 attributam
2170 4756 2415 4831 eiusque
2459 4756 2792 4832 provinciae
2833 4754 3000 4829 quasi
3045 4760 3266 4827 partem
3315 4755 3604 4827 quandam
3653 4753 3835 4823 fuisse
3876 4752 4174 4824 disputent

505 4862 648 4934 (Ct'r.
697 4860 1040 4919 Mommsen.
1084 4859 1221 4919 hist.
1267 4858 1433 4918 Rom.
1480 4857 1607 4930 11⁴,
1639 4874 1695 4932 p.
1744 4854 1844 4917 48.
1891 4856 2075 4931 adn.),
2118 4857 2212 4916 cui
2259 4873 2377 4917 non
2421 4873 2735 4932 possumus
2778 4872 2897 4916 non
2939 4854 3266 4929 astipulari,
3311 4855 3361 4912 si
3403 4855 3659 4929 quidem,
3691 4862 3755 4912 ut
3788 4852 3870 4912 ait
3897 4853 4173 4927 Polybius

504 4962 845 5039 (xxxvlu,
898 4963 917 5020 l
973 4979 1024 5022 e.
1072 4959 1156 5037 7)
1199 4961 1405 5021 Graeci
1449 4959 1530 5029 εἰς
1571 4958 1677 5028 τάς
1715 4959 1912 5028 πόλεις
1954 4961 2080 5020 τότε
2121 4945 2511 5044 παρεδέξαντο
2555 4955 2801 5041 ῥάβδους
2843 4954 2935 5017 καὶ
2975 4954 3252 5025 πελέκεις.
3344 4959 3408 5016 ln
3451 4972 3696 5016 numero
3741 4961 3932 5013 autem
3979 4955 4174 5013 foede·

504 5073 761 5125 ratarum
824 5063 1125 5124 civitatum
1172 5063 1660 5127 Lacedaemonios
1713 5066 1849 5126 inde
1900 5065 1979 5125 ab
2022 5080 2176 5123 anno
2228 5062 2346 5124 146
2390 5081 2444 5125 a.
2490 5063 2626 5125 Chr.
2681 5063 2914 5123 habitos
2958 5078 3089 5123 esse
3134 5060 3344 5121 Strabo
3387 5062 3576 5119 docet.
3619 5057 3762 5132 (Ct'r.
3811 5074 3867 5131 p.
3916 5054 4037 5114 365
4079 5056 4170 5115 ed.

502 5166 815 5243 Duebner.)
869 5161 1261 5245 ἀναλαβόντες
1300 5163 1365 5226 δέ
1409 5185 1563 5251 σφας
1607 5164 1964 5250 ἐτιμήθησαν
2006 5164 2391 5252 διαφερόντως
2434 5166 2526 5228 καὶ
2568 5164 2797 5247 ἐμειναν
2841 5162 3138 5250 ἐλεύθεροι
3178 5160 3332 5244 πλὴν
3374 5165 3490 5221 τῶν
3532 5157 3770 5244 φιλικῶν
3814 5156 4170 5240 λειτουργιῶν
