4725 5742
2297 296 2373 357 17

515 502 751 577 quidem
800 502 1240 561 Schoemannus
1283 499 1553 559 sollerter
1580 497 2001 558 demonstravit
2022 497 2396 559 Plutarchum
2431 502 2492 560 in
2516 501 2917 561 describendis
2949 500 3150 577 Agidis
3175 510 3233 562 et
3259 502 3588 563 Cleomenis
3616 504 3753 565 vitis
3784 502 4182 581 Phylarchum

513 612 779 667 secutum
825 619 974 665 esse.
1062 601 1174 661 Sed
1219 616 1337 660 non
1381 617 1530 675 opus
1575 599 1662 659 est?
1705 606 1960 659 statuere
2001 616 2090 673 ea,
2135 617 2285 675 quae
2316 601 2666 663 Plutarchus
2712 603 2792 662 ibi
2837 602 3096 663 narravit
3139 620 3172 663 e
3213 604 3542 680 Phylarcho
3590 605 3718 679 ipso
3763 606 3974 667 hausta
4019 623 4177 679 esse3

502 723 639 767 nam
705 713 897 781 potest
964 711 1028 764 ut
1086 704 1334 762 aliorum
1406 702 1560 773 libri,
1630 701 1741 775 ipsi
1805 718 1839 762 e
1884 702 2211 778 Phylarcho
2254 705 2521 777 derivati,
2588 721 2620 763 a
2669 704 2980 765 Plutarcho
3025 706 3290 781 usurpati
3341 706 3479 765 sint.
3575 705 3846 769 Fortasse
3888 708 4065 768 etiam
4114 709 4176 768 in

507 808 642 870 aliis
702 807 869 867 libris
922 822 957 865 a
1000 805 1314 865 Plutarcho
1380 803 1729 878 conscriptis
1784 803 1898 863 nisi
1943 811 2270 878 temporum
2318 806 2533 865 iniuria
2575 806 2863 879 permulta
2910 813 3169 865 veterum
3217 806 3565 881 scriptorum
3614 822 3790 882 opera
3839 810 4178 883 periissent,

513 912 796 973 nonnulla
840 926 914 969 ex
956 908 1207 967 aliorum
1250 905 1483 979 scriptis
1527 907 1881 966 verbotenus
1925 906 2228 981 desumpta
2270 908 2621 967 videremus.
2689 907 2879 980 Atque
2919 908 2978 965 id
3025 906 3516 967 verisimillimum
3561 924 3692 968 esse
3723 912 3940 971 nostris
3970 912 4179 971 diebus

519 1030 725 1076 omnes
778 1013 928 1085 fere,
974 1009 1073 1085 qui
1128 1009 1342 1083 quibus
1395 1007 1654 1067 fontibus
1708 1005 2057 1066 Plutarchus
2113 1024 2255 1068 usus
2312 1009 2581 1067 videatur
2621 1008 2948 1068 accuratius
2991 1009 3464 1084 disputaverunt,
3509 1011 3852 1072 concedunt.
3943 1013 4061 1074 Ct'r.
4110 1013 4179 1073 G.

520 1117 820 1176 Gilbertus
872 1113 1064 1189 (Stud.
1120 1114 1213 1172 ad.
1269 1117 1382 1170 vet.
1417 1108 1555 1168 hist.
1609 1109 1814 1167 Laced.
1858 1107 2115 1184 Gotting.
2162 1127 2217 1185 p.
2265 1108 2396 1187 96),
2439 1110 2539 1185 qui
2602 1109 2775 1169 etiam
2813 1126 2902 1183 ea,
2960 1126 3111 1185 quae
3161 1111 3457 1170 Plutarchi
3501 1110 3708 1185 ipsius,
3763 1129 3881 1173 non
3925 1114 4180 1175 aliorum

510 1236 640 1280 esse
672 1217 997 1289 videantur,
1026 1228 1445 1290 saepenumero
1475 1212 1828 1271 verbotenus
1858 1226 1929 1269 ex
1960 1209 2211 1271 aliorum
2250 1212 2417 1273 libris
2446 1212 2826 1286 transscripta
2855 1228 2985 1273 esse
3013 1213 3154 1272 dicit
3183 1212 3324 1287 (Ct'r.
3359 1213 3513 1273 Rose
3542 1214 3781 1274 Aristot.
3812 1216 4182 1292 pseudepigr.

506 1340 567 1399 p.
616 1319 784 1395 712).
888 1319 955 1377 In
1020 1318 1261 1377 eandem
1329 1315 1673 1376 sententiam
1743 1314 1915 1372 etiam
1987 1313 2307 1388 disputavit
2349 1315 2591 1374 Trieber
2631 1314 2914 1391 (Quaestt.
2958 1314 3032 1373 de
3074 1330 3195 1389 rep.
3241 1313 3567 1374 administr.
3666 1316 3872 1376 Laced.
3947 1334 4001 1391 p.
4053 1316 4183 1395 65),

516 1425 617 1499 qui
661 1422 1038 1482 Plutarchum
1084 1419 1210 1478 eius
1254 1416 1577 1492 scriptoris,
1620 1434 1653 1475 e
1695 1415 1860 1476 cuius
1906 1415 2075 1475 libris
2119 1416 2178 1475 in
2224 1417 2472 1492 singulis
2518 1415 2653 1475 vitis
2686 1416 3037 1475 verbotenus
3073 1430 3167 1474 res
3198 1415 3685 1490 transscripserit,
3719 1434 3794 1477 ne
3824 1417 4183 1479 mentionem

523 1525 755 1600 quidem
823 1524 1014 1582 facere
1066 1522 1256 1582 solere
1307 1520 1464 1579 dicit.
1553 1519 1731 1578 Cuius
1792 1532 1931 1576 vero
1998 1518 2173 1576 fuerit
2226 1519 2415 1578 maius
2469 1518 2615 1577 illud
2668 1534 2837 1593 opus,
2899 1517 3056 1577 unde
3105 1525 3163 1578 et
3218 1518 3338 1577 vita
3389 1518 3638 1593 Lycurgi
3696 1527 3753 1578 et
3807 1519 4048 1580 libellus
4111 1521 4185 1580 de

518 1626 797 1688 institutis
841 1623 1140 1685 Laconicis
1184 1627 1586 1693 manaverunt,
1630 1620 1689 1679 in
1731 1619 1914 1678 altera
1959 1627 2123 1694 parte
2165 1621 2341 1679 huius
2386 1619 2797 1693 disputationis
2844 1622 3191 1682 videbimus.
3261 1621 3379 1681 Sed
3421 1620 3917 1682 verisimillimum
3963 1629 4072 1694 est,
4118 1622 4180 1680 id

525 1730 674 1803 quod
723 1729 898 1788 etiam
943 1726 1274 1803 Fluegelius
1317 1723 1591 1798 opinatur
1633 1722 1775 1795 (Cfr.
1802 1722 1900 1781 l.l.
1927 1739 1984 1796 p.
2016 1720 2137 1796 17),
2166 1722 2657 1797 apophthegmata
2693 1738 2944 1797 quoque,
2982 1731 3272 1797 quatenus
3308 1723 3546 1796 quidem
3577 1723 3652 1782 ad
3687 1722 4185 1783 Lacedaemonios

523 1832 814 1907 pertinent
856 1846 1126 1906 magnam
1170 1835 1393 1903 partem
1440 1824 1627 1884 eidem
1672 1824 1894 1884 auctori
1934 1824 2243 1884 tribuenda
2288 1840 2439 1897 esse,
2485 1823 2578 1884 cui
2624 1823 2908 1884 instituta.

810 1932 1004 1992 Facile
1077 1937 1271 1989 autem
1331 1929 1458 1990 fieri
1520 1935 1764 2002 poterat,
1830 1934 1896 1986 ut
1952 1933 2009 1984 et
2053 1926 2317 1987 instituta
2362 1937 2419 1988 et
2461 1927 2954 2003 apophthegmata
2996 1925 3277 1985 Laconica
3322 1925 3573 2000 posteris
3617 1924 4001 1997 temporibus,
4046 1939 4185 1982 cum

532 2036 723 2094 maius
789 2035 928 2093 illud
975 2050 1144 2109 opus,
1199 2033 1354 2092 unde
1423 2047 1488 2090 ea
1542 2031 1783 2105 repetita
1839 2031 2147 2089 videantur
2197 2031 2455 2104 periiset,
2506 2032 2580 2089 ad
2637 2029 3015 2088 Plutarchum
3067 2028 3440 2101 reserrentur,
3493 2041 3645 2102 quae
3696 2040 3829 2083 cum
3890 2026 3966 2083 ad
4011 2040 4187 2099 quem

534 2137 794 2195 vocanda
835 2142 1029 2198 essent
1069 2134 1431 2213 grammatici
1463 2133 1797 2208 ignorarent
1819 2131 2246 2191 Chaeroneensi
2275 2130 2627 2206 tribuerunt,
2656 2132 2873 2205 quippe
2901 2130 3002 2205 qui
3034 2129 3244 2204 partim
3273 2130 3474 2189 eadem
3507 2125 3675 2188 libris
3704 2124 3829 2187 suis
3860 2127 4188 2186 exhiberet.

1944 2785 2075 2799 mv
2096 2786 2119 2797 -o
2144 2782 2759 2799 ‘'WVWVWVVVVVS
