4725 5742
2307 275 2378 336 14

490 472 800 543 indicetur,
849 476 887 535 ii
931 477 1337 552 gravissimam
1386 478 1545 537 illam
1592 494 1787 536 rerum
1823 477 2172 538 Graecarum
2219 481 2754 556 commutationem,
2798 500 2949 558 quac
2982 485 3130 544 sacta
3161 493 3248 546 est
3282 486 3469 547 deleta
3500 490 3806 568 Corintho,
3834 508 3864 550 a
3897 491 4179 568 scriptore

490 574 663 647 plane
719 576 995 636 omissam
1049 595 1177 638 esse
1241 596 1356 639 non
1402 579 1545 639 satis
1592 579 1862 639 videntur
1901 579 2322 653 considerasse,
2386 597 2559 656 quam
2607 601 2840 658 gravem
2887 586 3416 663 commutationem,
3461 608 3602 651 num
3648 594 3904 668 scriptor
3945 597 4175 658 silentio

490 677 806 750 praeterire
854 680 1107 752 potuerit
1152 698 1345 740 rerum
1392 681 1597 740 ordine
1642 682 1942 755 ceteroqui
1987 689 2219 740 servato
2263 683 2408 742 satis
2461 684 2703 743 dubium
2752 693 2859 745 cst.

790 779 918 838 Jam
964 781 1104 854 qnid
1154 797 1303 857 opus
1346 789 1435 841 est
1481 777 1688 855 plura?
1774 782 1878 855 JiS,
1924 798 2073 857 quae
2117 784 2432 856 disputavi,
2476 787 2620 844 satis
2666 786 2897 845 videtur
2929 790 3371 863 comprobatum
3406 799 3697 867 postrema
3739 798 3916 855 verba
3959 800 4173 876 epilogi

486 876 579 938 καὶ
629 882 726 938 νῦν
782 876 882 940 ὑπὸ
918 877 1228 960 Ῥωμαίοις
1279 881 1542 968 καθάπερ
1597 880 1644 943 οἱ
1690 880 1856 944 ἄλλοι
1886 882 2190 965 Ἕλληνες
2234 881 2487 965 ἐγένοντο
2531 887 2643 947 nisi
2695 888 2849 946 haud
2893 889 2967 946 ita
3018 892 3201 950 multo
3247 899 3380 968 post
3420 909 3474 953 a.
3527 892 3661 955 146.
3706 912 3760 956 a.
3808 898 3944 959 Chr.
3992 903 4171 961 scribi

482 1001 601 1044 non
668 987 947 1061 potuisse.
1035 984 1122 1046 An
1176 987 1473 1048 Plutarchi
1541 989 1713 1049 etiam
1784 991 2145 1065 temporibus
2197 1006 2551 1065 quemquam
2620 990 2974 1063 scripturum
3045 992 3225 1053 fuisse
3282 1001 3453 1068 putas
3518 1004 3614 1069 „et
3667 1000 3867 1058 modo
3920 1001 4168 1061 dicionis

482 1076 778 1147 Romanae
820 1089 953 1148 sacti
999 1092 1197 1162 sunt,“
1245 1090 1295 1149 si
1341 1092 1595 1165 quidem,
1644 1093 1722 1165 id,
1767 1094 1924 1167 quod
1971 1093 2170 1167 procul
2216 1093 2397 1152 dubio
2425 1109 2556 1151 cese
2580 1093 2727 1151 satis
2765 1092 3165 1165 cognovimus,
3195 1094 3340 1153 haec
3369 1097 3544 1156 verba
3576 1113 3664 1169 eo,
3696 1115 3810 1173 quo
3837 1102 4167 1176 statuimus,

480 1186 788 1263 spectant?
860 1191 1122 1266 Ineptum
1172 1192 1405 1265 quidem
1457 1193 1514 1252 id
1559 1202 1732 1265 esset,
1777 1195 1826 1254 si
1873 1195 2006 1268 quis
2048 1196 2121 1254 de
2164 1209 2254 1265 cc,
2301 1195 2458 1267 quod
2508 1196 2640 1269 plus
2684 1202 2916 1251 centum
2962 1194 3134 1253 annis
3177 1203 3312 1255 ante
3357 1196 3571 1256 factum
3606 1205 3714 1272 est,
3738 1202 3928 1262 dicere
3958 1204 4170 1268 vellet:

484 1289 577 1351 καὶ
620 1297 716 1353 νῦν
762 1291 1001 1375 ἐγένετο.

791 1400 952 1459 Idem
999 1399 1120 1458 fere
1163 1404 1491 1458 statuerunt
1536 1398 1935 1457 Volkmannus
1981 1397 2125 1473 (Cir.
2169 1399 2205 1457 l.
2256 1399 2293 1458 Ι.
2342 1400 2391 1474 l,
2432 1418 2487 1476 p.
2535 1396 2686 1472 239)
2732 1404 2791 1455 ct
2834 1396 2901 1454 G.
2953 1396 3282 1471 Fluegelius
3325 1398 3470 1471 (Cir.
3519 1399 3599 1461 De
3644 1404 3789 1463 font.
3837 1404 3991 1463 Plut.
4033 1405 4171 1481 Lyc.

490 1498 632 1557 diss.
680 1499 975 1576 Marburg.
1022 1517 1078 1575 p.
1116 1497 1194 1559 16
1241 1498 1419 1575 sqq.).
1491 1500 1594 1558 llle
1637 1516 1700 1557 re
1742 1506 2017 1572 tanquam
2063 1499 2253 1560 obiter
2291 1509 2442 1562 tacta
2488 1503 2679 1561 locum
2726 1515 2902 1572 supra
2951 1504 3280 1572 tractatum,
3326 1501 3429 1560 ubi
3474 1503 3547 1560 de
3581 1506 3863 1564 servitute
3885 1506 4174 1567 Lacedae-

486 1600 814 1660 moniorum
859 1604 1141 1678 agebatur
1185 1601 1326 1676 (Cir.
1355 1617 1409 1674 p.
1446 1599 1517 1657 10
1560 1599 1699 1675 sq),
1743 1617 2044 1674 perperam
2096 1602 2512 1678 interpretatus
2553 1603 2626 1660 de
2670 1608 2952 1672 tempore,
2996 1618 3112 1675 quo
3159 1610 3416 1662 extrema
3465 1604 3642 1663 verba
3689 1607 3903 1682 epilogi
3949 1610 4166 1685 scripta

488 1708 683 1759 essent
744 1711 901 1762 recte
967 1703 1273 1775 indicavit;
1336 1702 1493 1774 quod
1550 1717 1688 1760 vero
1756 1708 1943 1761 totum
2000 1704 2262 1764 libellum
2325 1724 2396 1765 ex
2441 1707 2644 1765 eodem
2692 1702 2915 1760 maiore
2959 1705 3211 1777 quodam
3258 1720 3435 1779 opere
3479 1723 3573 1767 res
3617 1705 3936 1769 Laconicas
3981 1711 4159 1771 fusius

475 1809 760 1863 tractante
788 1806 1144 1880 exscriptum
1180 1820 1310 1864 esse
1345 1803 1436 1861 vel
1464 1804 1600 1862 inde
1631 1804 1926 1863 concludit
1959 1808 2280 1882 eodemque
2315 1826 2493 1884 opere
2526 1816 2801 1878 tanquam
2837 1806 2996 1863 fonte
3031 1807 3204 1865 ctiam
3243 1807 3615 1868 Plutarchum
3656 1810 3713 1869 in
3748 1812 4153 1871 conscribenda

486 1903 603 1962 vita
652 1905 898 1984 Lycurgi
952 1924 1123 1967 usum
1179 1922 1310 1965 esse
1352 1905 1732 1977 existimavit,
1782 1908 2151 1980 gravioribus
2195 1910 2555 1985 argumentis
2602 1908 2658 1966 id
2705 1906 3167 1968 confirmandum
3215 1917 3358 1969 crat.
3447 1911 3589 1970 Nam
3634 1913 3808 1972 etiam
3856 1914 3932 1972 ita
3979 1920 4157 1987 potest

482 2006 717 2067 libellus
772 2018 937 2069 ortus
991 2026 1140 2082 esse,
1195 2015 1258 2066 ut
1311 2007 1505 2065 nescio
1568 2007 1699 2080 quis
1763 2024 1857 2068 res
1921 2024 1989 2067 eo
2055 2020 2540 2071 commemoratas
2607 2026 2640 2068 e
2683 2008 2980 2068 Plutarchi
3049 2011 3416 2086 aliorumque
3460 2015 3628 2074 libris
3672 2017 4068 2076 conscriberet
4108 2023 4164 2074 et

480 2109 855 2185 neglegenter
904 2112 961 2169 in
1016 2110 1380 2184 excerpendo
1437 2116 1700 2169 versatus
1753 2126 1840 2183 ea,
1895 2126 2047 2186 qnae
2097 2112 2272 2171 habet
2328 2115 2595 2189 epilogus
2651 2108 2743 2170 καὶ
2787 2115 2885 2170 νῦν
2930 2110 3055 2172 κτλ.
3117 2116 3457 2188 adiungeret
3501 2130 3831 2186 quanquam
3879 2117 3958 2184 id,
4006 2118 4167 2188 quod

479 2211 575 2270 liis
640 2214 839 2274 verbis
905 2220 1195 2284 narratur,
1251 2213 1383 2285 plns
1436 2222 1665 2272 centum
1723 2213 1893 2271 annis
1949 2221 2085 2272 ante
2136 2214 2349 2274 sactum
2408 2233 2538 2276 esse
2588 2218 2782 2275 sciret.
2872 2217 3069 2289 Neque
3124 2218 3317 2275 minus
3375 2226 3762 2283 praepropere
3805 2211 4166 2273 existimavit

476 2311 544 2370 C.
606 2313 934 2390 Fluegelins
989 2315 1053 2390 (l.
1109 2330 1158 2374 c.
1215 2331 1272 2389 p.
1328 2312 1404 2374 16
1450 2312 1585 2389 sq.),
1638 2313 1738 2388 qui
1792 2331 1918 2372 cam
1975 2315 2208 2388 quidem
2266 2317 2824 2392 interpretationem,
2884 2332 3058 2388 qnam
3115 2314 3357 2388 protulit
3401 2312 3799 2371 Volkmannus
3843 2313 4164 2376 verborum

474 2412 565 2474 καὶ
607 2414 688 2484 εἰς
730 2414 992 2478 δουλείαν
1028 2414 1384 2497 μετέστησαν
1428 2417 1745 2491 redarguit,
1788 2417 1890 2475 sed
1937 2416 2062 2490 ipse
2106 2418 2165 2476 in
2211 2434 2280 2477 eo
2324 2421 2563 2492 erravit,
2609 2420 2763 2493 quod
2812 2418 2905 2475 his
2953 2415 3148 2474 verbis
3191 2430 3325 2473 cum
3360 2430 3556 2473 rerum
3592 2421 3808 2474 statum
3844 2414 4161 2489 significari

470 2522 789 2595 existimat,
858 2524 917 2583 in
972 2540 1088 2599 quo
1145 2523 1360 2582 suerint
1414 2517 1874 2592 Lacedaemonii,
1942 2528 2251 2595 postquam
2311 2521 2673 2581 Achaeorum
2732 2518 2950 2581 foederi
3004 2516 3159 2590 quod
3215 2525 3457 2576 vocatur
3505 2532 3570 2576 se
3613 2516 3929 2590 adiungere
3972 2520 4158 2579 coacti

470 2623 591 2681 sint
657 2625 798 2696 (Csr.
857 2626 894 2685 Ι.
951 2642 1000 2685 c.
1058 2643 1114 2699 p.
1168 2623 1285 2697 16).
1372 2623 1485 2681 Sed
1541 2622 1698 2679 illam
1748 2623 2148 2682 condicionem
2205 2624 2399 2681 minus
2465 2638 2595 2681 esse
2649 2620 3093 2694 intellegendam
3152 2634 3325 2691 quam
3381 2635 3506 2677 eam
3563 2619 3924 2689 servitutem,
3980 2635 4155 2694 quam

480 2723 920 2785 Lacedaemonii
976 2728 1134 2786 domi
1191 2727 1450 2785 tulerunt
1503 2740 1535 2782 a
1580 2725 1846 2799 tyrannis
1892 2725 2296 2784 crudelissime
2341 2723 2534 2780 vexati
2581 2739 2653 2781 ex
2697 2723 2789 2795 iis,
2842 2736 2992 2794 quae
3036 2737 3212 2794 supra
3258 2720 3402 2793 dixi,
3448 2722 3591 2780 satis
3635 2728 3812 2795 patet.
3901 2721 4155 2795 Accedit,

472 2827 628 2898 quod
685 2844 812 2885 eam
858 2828 1448 2887 Lacedaemoniorum
1504 2826 1924 2899 condicionem,
1977 2842 2149 2901 quam
2208 2824 2541 2898 Fluegelius
2595 2823 2790 2883 allatis
2833 2822 3030 2882 verbis
3076 2822 3319 2881 indicari
3364 2824 3510 2895 vult,
3563 2839 3848 2898 nusquam
3895 2820 4151 2883 δουλείαν

466 2926 587 2985 dici
632 2928 920 3002 videmus,
965 2946 1095 2989 cum
1142 2929 1424 3005 Polybius
1468 2929 1919 2988 domesticarum
1964 2945 2159 2989 rerum
2205 2926 2607 2985 condicionem
2655 2941 2797 2985 voce
2839 2925 3140 2984 servitutis
3184 2925 3328 2985 satis
3372 2926 3590 2984 diserte
3615 2926 3978 3000 insigniverit
4009 2929 4147 3005 (Cfr.

472 3046 651 3105 supra
713 3048 770 3105 p.
832 3032 952 3105 11).
1050 3032 1120 3089 Et
1191 3033 1367 3091 verba
1434 3026 1539 3111 τὴν
1602 3029 1850 3115 πρόσθεν
1915 3028 2177 3091 εὔκλειαν
2238 3024 2330 3089 καὶ
2396 3027 2712 3113 παρρησίαν
2778 3024 3056 3087 ἀπέθεντο
3122 3028 3195 3086 ad
3256 3027 3717 3088 crudelissimam
3772 3037 4152 3105 tyrannorum

472 3130 931 3192 dominationem
981 3133 1173 3207 aptius
1220 3135 1553 3196 referuntur
1591 3153 1764 3212 quam
1812 3138 1885 3195 ad
1929 3137 2135 3196 foedus
2179 3134 2523 3207 Achaicum3
2590 3151 2726 3194 nam
2779 3133 3046 3209 tyrannis
3091 3131 3515 3205 imperantibus
3556 3131 3785 3190 dicendi
3829 3133 4155 3208 agendique

474 3231 719 3292 libertas
759 3236 913 3309 apud
960 3235 1449 3295 Lacedaemonios
1494 3238 1733 3297 omnino
1779 3238 1969 3313 periit.

780 3336 995 3395 Deinde
1042 3336 1371 3411 Fluegelius
1425 3354 1554 3397 cum
1599 3339 1965 3398 Volkmanno
2020 3340 2218 3399 verbis
2271 3333 2363 3397 καὶ
2415 3340 2512 3396 νῦν
2560 3334 2661 3398 ὑπὸ
2696 3334 3004 3417 Ῥωμαίοις
3056 3331 3307 3415 ἐγένοντο
3358 3334 3469 3391 hoc
3512 3334 3856 3407 opusculum
3913 3336 4152 3396 maioris

472 3432 775 3493 cuiusdam
823 3439 1018 3512 operis
1059 3440 1232 3513 paulo
1279 3448 1409 3513 post
1454 3443 1706 3501 dirutam
1741 3440 2082 3500 Corinthum
2130 3442 2442 3516 conscripti
2487 3443 2807 3519 fragmenta
2851 3442 3150 3500 continere
3178 3435 3430 3510 collegit.
3489 3434 3600 3495 Sed
3633 3439 4149 3498 demonstrandum

468 3533 525 3591 ei
572 3542 696 3593 erat
759 3553 846 3611 ea,
912 3555 1064 3612 quae
1115 3541 1291 3599 habet
1344 3542 1579 3603 libellus
1633 3545 1706 3604 de
1758 3543 2041 3603 institutis
2086 3543 2406 3615 LaconiciS,
2460 3561 2532 3603 ex
2590 3561 2705 3604 uno
2761 3559 2937 3619 opere
2997 3551 3272 3615 tanquam
3317 3539 3477 3598 sonte
3518 3539 3727 3598 hausta
3771 3556 3919 3600 csse.
4007 3541 4150 3600 Nam

476 3635 704 3696 etiamsi
782 3654 847 3696 ea
903 3640 1102 3713 verba,
1172 3642 1387 3715 quibus
1438 3645 1667 3703 modo
1723 3644 2215 3703 Lacedaemonios
2269 3660 2302 3703 a
2350 3645 2628 3707 Romanis
2673 3648 2731 3706 in
2774 3646 3127 3705 deditionem
3171 3646 3440 3714 acceptos
3484 3654 3616 3698 esse
3660 3641 3912 3715 scriptor
3953 3648 4155 3700 narrat

472 3736 587 3796 nisi
633 3738 806 3811 paulo
852 3747 985 3813 post
1023 3757 1078 3801 a.
1134 3741 1271 3803 146.
1301 3761 1353 3804 a.
1385 3744 1522 3804 Chr.
1567 3747 1742 3805 scribi
1789 3762 1907 3806 non
1956 3752 2290 3820 potuerunt,
2337 3754 2531 3807 tamen
2576 3755 2768 3823 potest
2811 3762 2960 3817 esse,
3006 3751 3071 3802 ut
3114 3742 3289 3801 etiam
3334 3741 3534 3801 multis
3577 3742 3747 3802 annis
3793 3749 3926 3818 post
3952 3743 4150 3802 nescio

467 3839 605 3910 quis
650 3840 794 3899 haec
837 3857 869 3899 e
912 3841 1028 3899 vita
1077 3844 1323 3919 Lycurgi
1369 3845 1617 3920 aliisque
1667 3847 1835 3907 libris
1879 3846 2316 3921 conscripserit.
2404 3848 2507 3907 Sin
2552 3857 2744 3909 autem
2792 3865 2864 3908 ex
2911 3862 3030 3906 uno
3076 3851 3302 3903 tantum
3346 3860 3524 3918 opere
3564 3844 3826 3903 instituta
3866 3844 4146 3904 Laconica

470 3942 644 4015 petita
713 3958 844 4003 esse
890 3945 1194 4019 probabile
1236 3945 1617 4021 effecerimus,
1669 3964 1787 4007 non
1837 3948 2027 4008 solum
2085 3947 2221 4005 huic
2267 3948 2466 4009 libello
2511 3951 2731 4024 aliquid
2781 3949 2927 4008 lucis
2972 3947 3266 4016 afferetur,
3308 3948 3410 4006 sed
3457 3947 3628 4007 etiam
3677 3947 3831 4006 vitae
3878 3947 4147 4022 Lycurgi,

464 4045 524 4103 in
593 4062 704 4119 qua
782 4048 1200 4107 conscribenda
1269 4049 1410 4121 quin
1478 4048 1827 4109 Plutarchus
1900 4048 2152 4107 eundem
2204 4057 2502 4109 auctorem
2557 4059 2794 4111 secutus
2848 4051 2945 4125 sit,
3006 4049 3080 4108 ad
3145 4064 3316 4122 quem
3365 4051 3605 4108 redeant
3649 4064 3746 4107 res
3791 4050 3903 4109 hoc
3947 4050 4146 4108 libello

463 4154 735 4207 narratae
781 4164 899 4207 non
944 4149 1058 4209 iam
1107 4149 1349 4209 dubium
1395 4151 1525 4210 erit.

769 4252 958 4326 Supra
1032 4252 1367 4311 monuimus
1434 4252 1713 4312 nonnulla
1782 4250 1939 4308 hunc
2005 4249 2271 4309 libellum
2330 4253 2566 4326 habere,
2632 4269 2883 4329 quorum
2940 4255 2999 4314 in
3046 4254 3309 4329 Lycurgo
3364 4251 3526 4310 nulla
3579 4248 3798 4309 mentio
3842 4250 3992 4308 facta
4037 4256 4145 4310 est.

460 4350 686 4419 Quodsi
734 4368 767 4410 e
810 4353 1126 4413 Plutarcho
1170 4354 1515 4428 opusculum
1572 4360 1907 4427 excerptum
1964 4358 2139 4424 esset,
2196 4369 2263 4411 ea
2323 4353 2472 4428 ipsa,
2534 4370 2684 4429 quae
2735 4357 2891 4430 apud
2938 4355 3105 4413 illum
3154 4354 3425 4427 leguntur
3469 4352 3529 4410 in
3576 4352 3689 4409 vita
3737 4351 4005 4427 Lycurgi,
4050 4351 4147 4410 hic

464 4454 863 4514 inveniremus
930 4456 1134 4515 eodem
1176 4473 1373 4516 rerum
1417 4455 1643 4526 ordine,
1691 4469 1807 4528 quo
1860 4452 2000 4527 illic,
2056 4460 2312 4514 narrata.
2405 4455 2574 4516 Certe
2617 4474 2706 4530 ea,
2754 4472 2904 4531 quae
2947 4456 3185 4514 aliunde
3228 4454 3471 4528 repetita
3519 4454 3809 4524 videntur,
3852 4468 3969 4512 non
4011 4470 4143 4513 cum

467 4555 832 4616 Plutarcheis
876 4558 1163 4631 permixta
1208 4564 1425 4631 essent,
1491 4556 1605 4617 nisi
1650 4557 1801 4614 forte
1844 4561 2065 4614 certum
2111 4556 2407 4630 quoddam
2452 4558 2762 4618 consilium
2808 4556 3155 4630 scriptorem
3201 4561 3464 4614 secutum
3501 4571 3632 4615 esse
3666 4561 3960 4630 putamus,
4010 4572 4145 4615 cum

464 4674 561 4717 res
618 4658 677 4717 in
738 4675 893 4732 eum,
959 4674 1133 4733 quem
1179 4658 1486 4731 habemuS,
1528 4657 1792 4717 ordinem
1838 4656 2146 4733 redigeret.
2235 4659 2375 4719 Tale
2418 4675 2557 4719 vero
2601 4659 2910 4720 consilium
2962 4675 3064 4734 per
3108 4665 3292 4716 totum
3339 4657 3605 4717 libellum
3651 4657 3829 4731 plane
3871 4655 4143 4733 cognosci

463 4760 687 4835 nequit.
777 4760 1081 4820 Praeterea
1150 4774 1225 4817 ne
1283 4760 1537 4834 speciem
1589 4759 1823 4834 quidem
1885 4758 2063 4818 habet
2116 4759 2647 4823 verisimilitudinis
2692 4760 3031 4821 existimare
3074 4760 3419 4835 scriptorem
3462 4758 3693 4818 duobus
3736 4760 3829 4818 vel
3871 4755 4141 4834 pluribus

462 4861 633 4921 libris
677 4862 852 4922 simul
901 4877 1072 4921 usum
1116 4860 1290 4920 modo
1333 4876 1407 4919 ex
1442 4861 1572 4934 hoc,
1616 4862 1790 4920 modo
1835 4876 1909 4920 ex
1953 4860 2054 4919 illo
2100 4862 2434 4935 promiscue
2462 4880 2557 4924 res
2602 4861 2766 4924 nullo
2820 4862 2996 4921 modo
3043 4862 3194 4921 inter
3236 4877 3301 4921 se
3348 4861 3726 4921 cohaerentes
3776 4860 4141 4936 repetivisse.

459 4963 660 5037 Neque
729 4969 818 5023 est
877 4962 1283 5037 omittendum,
1345 4962 1499 5037 quod
1564 4962 1706 5023 locis
1749 4962 1904 5039 apud
1959 4969 2272 5037 utrumque
2324 4963 2546 5039 alioqui
2591 4963 2786 5024 verbis
2829 4962 3072 5022 omnino
3115 4962 3575 5039 congruentibus
3619 4978 4038 5037 nonnunquam
4082 4963 4143 5021 et

461 5066 778 5125 verborum
824 5072 882 5124 et
924 5080 1118 5125 rerum
1163 5080 1386 5139 parvas
1417 5064 1839 5139 discrepantias
1873 5063 2169 5136 videmus;
2214 5079 2367 5138 quae
2415 5064 2841 5140 discrepantiae
2876 5066 3170 5139 quomodo
3203 5064 3548 5141 irrepserint
3593 5062 3823 5122 facilius
3857 5062 4141 5137 explicari
