4725 5742
2312 316 2396 381 10

793 522 962 593 Quod
1009 538 1147 581 vero
1179 521 1413 581 Tacitus
1434 520 1610 595 (Anu.
1640 520 1920 599 x1V,21)
1965 541 2277 601 „possessa
2323 522 2583 583 Λευεὶν*
2629 524 2788 596 dicit,
2831 540 2901 584 eo
2946 531 3211 600 spectare
3259 530 3433 599 patet,
3470 524 3625 598 quod
3657 539 3864 584 omnes
3903 522 4182 602 Graeciae

487 624 783 697 civitates,
834 639 1168 699 quanquam
1214 630 1348 697 post
1409 623 1658 682 deletam
1706 624 2046 685 Corinthum
2116 627 2386 687 libertate
2450 641 2592 686 usae
2642 633 2835 686 tamen
2899 627 2975 685 ab
3041 626 3143 685 illo
3211 633 3475 702 tempore
3518 623 3819 700 vectigalia
3866 624 4181 698 quotannis

492 727 774 788 Romanis
816 727 1049 786 solvere
1092 724 1465 798 iubebantur,
1510 724 1569 783 id
1613 726 1766 799 quod
1812 733 2059 786 testatur
2104 728 2427 789 Pausanias
2468 728 2618 803 (vu,
2673 727 2864 803 16‚6):
2909 724 3001 787 καί
3043 727 3218 813 φόρος
3259 746 3322 788 τε
3367 725 3594 812 ἐτάχθη
3641 728 3716 808 τῇ
3754 722 4004 787 Ἐλλάδι
4048 722 4175 786 κτλ.

487 846 558 889 ac
614 828 852 890 deinde:
929 824 1190 913 συνέδριά
1241 846 1307 888 τε
1360 824 1509 887 κατὰ
1561 823 1730 894 ἔθνος
1781 824 1845 887 τὸ
1888 825 2133 890 ἕκαστον
2170 826 2430 913 Ἀχαιῶν
2472 826 2566 890 καὶ
2609 827 2674 889 τὸ
2716 827 2777 891 ἐν
2829 828 3123 894 Φωκεῦσιν
3166 831 3206 915 ἢ
3254 828 3520 902 Βοιωτοῖς
3559 831 3600 914 ἢ
3646 828 3888 916 ἑτέρωθί
3927 850 4033 891 που
4073 836 4182 914 τῆς

480 929 772 999 Ἑλλάδος
812 932 1165 995 κατελέλυτο
1206 931 1417 1014 ὁμοίως
1457 933 1696 993 ἅπαντα.
1790 932 1934 1010 (Cl'r.
2002 934 2350 1010 Hertzberg:
2429 934 2567 995 hist.
2620 935 2823 996 Graec.
2890 936 3003 998 suh
3055 939 3222 999 Rom.
3271 939 3409 1015 imp.
3459 939 3503 1012 l,
3546 956 3603 1015 p.
3649 933 3768 998 281
3817 937 3958 997 adn.
4014 931 4179 1010 100),

490 1039 593 1114 qui
637 1054 788 1113 quae
830 1040 985 1100 docti
1030 1038 1140 1098 viri
1185 1039 1260 1098 de
1301 1039 1412 1097 hac
1456 1055 1520 1097 re
1562 1037 2027 1112 disputaverunt,
2066 1035 2255 1097 fusius
2297 1036 2616 1110 exposuit).
2705 1039 2809 1098 llis
2852 1040 3103 1116 aliisque
3147 1047 3406 1102 veterum
3453 1039 3807 1102 testimoniis
3848 1055 3923 1098 ex
3973 1038 4174 1113 aliqua

490 1141 726 1215 quidem
772 1149 937 1216 parte
979 1143 1308 1201 libertatem
1352 1138 1706 1199 Graecorum
1753 1145 1886 1213 post
1927 1139 2216 1198 excidium
2263 1137 2528 1199 Corinthi
2570 1139 2888 1202 cohibitam
2935 1160 3066 1205 esse
3103 1144 3261 1203 clare
3302 1143 3652 1207 ostenditur.
3702 1139 3786 1201 Re
3832 1157 3972 1201 vera
4003 1139 4181 1215 igitur

488 1243 758 1316 Graecia,
830 1258 1163 1318 quanquam
1210 1240 1336 1303 suis
1387 1241 1687 1301 etiamtum
1740 1240 1827 1300 uti
1882 1240 2110 1315 legibus
2158 1247 2217 1301 et
2269 1241 2539 1302 libertate
2590 1242 2703 1302 frui
2749 1243 2802 1303 ei
2857 1244 3089 1317 licebat,
3144 1245 3339 1306 diruta
3385 1245 3667 1306 Corintho
3712 1244 3771 1304 in
3818 1242 4177 1318 provinciam

486 1345 812 1405 Romanam
860 1353 951 1406 est
996 1346 1248 1418 redacta,
1292 1344 1403 1404 etsi
1445 1359 1659 1403 nomen
1704 1341 2059 1417 provinciae,
2101 1342 2253 1403 sicut
2294 1343 2429 1404 aliis
2472 1344 2646 1405 terris
2687 1346 2800 1404 sub
2845 1354 3190 1422 potestatem
3217 1347 3611 1407 Romanorum
3658 1346 3913 1406 redactis
3957 1354 4096 1405 tunc
4123 1347 4179 1405 ei

492 1448 756 1507 nondum
803 1446 1051 1506 inditum
1098 1463 1230 1507 esse
1273 1446 1409 1505 inde
1450 1446 1598 1506 satis
1638 1444 1870 1503 videtur
1909 1459 2212 1518 apparere,
2257 1445 2415 1519 quod
2459 1462 2661 1507 eorum
2687 1449 3063 1524 scriptorum,
3090 1447 3191 1524 qui
3224 1464 3318 1508 res
3348 1448 3484 1507 inde
3509 1449 3584 1506 ab
3618 1463 3774 1506 anno
3812 1445 3927 1506 146
3950 1464 4005 1507 a.
4035 1446 4175 1506 Chr.

542 1567 689 1625 sque
730 1549 806 1609 ad
849 1549 1093 1625 Augusti
1140 1556 1402 1625 tempora
1449 1555 1644 1623 gestas
1686 1554 2165 1620 commemorant,
2211 1564 2384 1608 nemo
2425 1548 2661 1609 disertis
2703 1551 2901 1612 verbis
2927 1550 3227 1611 Graeciam
3275 1549 3367 1610 vel
3395 1549 3671 1609 Achaiam
3718 1550 3778 1609 in
3819 1549 4180 1624 provinciam

493 1653 816 1713 Romanam
862 1652 1152 1711 redactam
1197 1667 1328 1711 esse
1370 1650 1528 1709 dicit.
1617 1647 1762 1713 (Cir.
1806 1647 2162 1724 llertzberg„
2215 1651 2315 1726 qui
2361 1650 2429 1726 (l.
2475 1652 2516 1711 l.
2567 1651 2607 1712 l.
2658 1670 2716 1728 p.
2764 1652 2886 1714 284
2932 1670 3062 1730 sqq.
3110 1652 3272 1727 adn.)
3329 1651 3516 1711 fusius
3559 1652 3987 1711 controversias
4033 1652 4184 1712 inter

494 1756 702 1816 doctos
747 1754 905 1814 viros
944 1753 1018 1813 de
1060 1753 1171 1812 hac
1216 1770 1280 1813 re
1322 1758 1482 1811 ortas
1526 1749 1843 1825 exposuit).
1889 1750 2003 1809 Sed
2050 1757 2245 1813 utrum
2289 1769 2354 1813 re
2398 1769 2533 1813 vera
2577 1752 2816 1814 Graecia
2863 1756 3141 1815 continuo
3189 1762 3406 1829 posta.
3465 1750 3577 1812 146
3613 1770 3666 1812 a.
3704 1752 3837 1812 Chr.
3882 1756 4182 1831 provincia

492 1858 755 1918 Romana
821 1858 967 1917 facta
1036 1855 1115 1916 sit
1182 1870 1365 1914 necne
1416 1853 1511 1912 hic
1564 1859 1759 1913 nostra
1816 1869 1936 1913 non
1979 1853 2228 1914 multum
2273 1854 2470 1927 refert,
2545 1872 2677 1915 cum
2723 1873 2840 1916 non
2890 1859 2945 1916 id
2994 1846 3328 1933 quaeratur,
3372 1871 3489 1931 quo
3532 1862 3796 1930 tempore
3836 1856 4074 1916 Graecia
4121 1856 4181 1917 in

492 1959 853 2036 provinciam
919 1958 997 2019 sit
1060 1958 1311 2031 redacta,
1375 1957 1478 2015 sed
1549 1971 1621 2014 ex
1675 1970 1792 2029 quo
1844 1962 2107 2030 tempore
2152 1955 2590 2017 Lacedaemonii
2642 1959 2721 2017 ita
2772 1975 2805 2017 a
2849 1958 3130 2019 Romanis
3182 1959 3387 2018 haberi
3429 1958 3618 2033 coepti
3660 1957 3799 2030 sint,
3871 1965 3935 2018 ut
3976 1975 4177 2019 eorum

490 2060 761 2122 condicio
825 2056 1056 2122 δουλεία
1124 2059 1365 2119 dicenda
1431 2064 1606 2118 esset.
1718 2056 1892 2118 Recte
1944 2057 2340 2118 Mommsenus
2395 2059 2468 2118 dc
2519 2061 2756 2120 nomine
2807 2068 3033 2121 tantum
3089 2062 3391 2136 disputare
3432 2076 3534 2120 eos
3582 2061 3828 2132 monuit,
3868 2061 3990 2136 qui,
4037 2078 4175 2121 num

487 2164 735 2226 Graecia
801 2172 934 2239 post
996 2161 1263 2224 Corinthi
1329 2161 1621 2221 excidium
1669 2158 1963 2234 provincia
2009 2165 2165 2219 esset
2216 2161 2364 2220 sacta
2429 2162 2771 2223 dubitarent
2823 2164 2967 2238 (Cir.
3016 2165 3154 2225 hist.
3199 2165 3368 2225 Rom.
3417 2161 3516 2234 ll,⁷
3565 2177 3622 2235 p.
3669 2158 3750 2220 43
3796 2163 3978 2235 adun),
4047 2179 4181 2222 nam

507 2268 908 2329 condicionem
954 2266 1305 2326 Graecorum
1362 2279 1437 2323 cx
1492 2262 1594 2322 illo
1647 2270 1912 2336 tempore
1964 2262 2040 2320 ab
2084 2261 2245 2321 omini
2290 2270 2456 2338 parte
2498 2265 2741 2325 eandem
2788 2265 2991 2339 fuisse,
3045 2283 3220 2341 quam
3266 2263 3732 2341 provincialium,
3775 2279 3848 2322 cx
3893 2264 3986 2335 iis,
4030 2280 4181 2339 quae

490 2378 721 2431 veteres
780 2370 1097 2445 scriptores
1162 2368 1236 2426 de
1301 2366 1479 2426 rebus
1521 2366 1874 2425 Graecorum
1931 2364 2248 2424 memoriae
2289 2365 2691 2439 prodiderunt,
2753 2366 2897 2426 satis
2967 2374 3246 2443 apparet;
3323 2365 3513 2426 solum
3575 2380 3788 2425 nomen
3845 2365 4182 2440 provinciae

484 2473 757 2533 defuisse·
788 2473 1020 2532 videtur
1105 2467 1250 2545 (Cir.
1295 2468 1529 2526 Hertzb.
1579 2468 1616 2526 l.
1667 2467 1703 2526 l.
1752 2467 1795 2538 1,
1851 2463 2044 2540 284).
2133 2465 2222 2524 Ad
2279 2466 2575 2526 Plutarchi
2640 2476 2835 2528 autem
2899 2476 3159 2545 tempora
3219 2484 3418 2530 vocem
3473 2463 3733 2527 δουλείαν
3786 2469 3951 2528 nullo
4006 2470 4180 2528 modo

489 2577 785 2653 pertinere
850 2573 1213 2632 Volkmanno
1280 2570 1454 2644 plane
1519 2575 1610 2628 est
1674 2567 2132 2628 concedendum.
2218 2568 2420 2645 Neque
2486 2570 2671 2646 magis
2738 2569 2790 2631 is
2858 2587 3053 2631 rerum
3111 2577 3319 2642 status,
3384 2573 3485 2648 qui
3549 2572 3659 2633 fuit
3721 2572 3855 2633 inde
3904 2572 3980 2631 ab
4023 2587 4178 2631 anno

496 2677 613 2743 146
658 2694 711 2738 a.
744 2677 903 2751 Chr.,
948 2691 1013 2734 ea
1061 2688 1202 2732 voce
1245 2671 1613 2746 designatum
1655 2685 1989 2745 quanquam
2037 2669 2192 2730 enim
2236 2678 2476 2746 propter
2518 2672 2821 2748 vectigalia
2852 2673 3166 2749 quotannis
3197 2673 3475 2735 Romanis
3507 2675 3790 2736 solvenda
3822 2674 4178 2733 Graecorum

487 2783 639 2844 ratio
704 2796 824 2839 non
889 2778 1004 2836 iam
1069 2775 1146 2833 ab
1199 2772 1360 2833 omni
1417 2781 1581 2848 parte
1632 2771 1818 2832 libera
1861 2780 2005 2851 erat,
2060 2779 2284 2833 tantum
2333 2780 2528 2832 tamen
2572 2774 2795 2848 aberat,
2840 2782 2904 2835 ut
2952 2792 3147 2836 rerum
3192 2776 3547 2838 Graecarum
3597 2776 3864 2838 condicio
3911 2775 4178 2835 Mummii

480 2884 849 2960 temporibus
912 2875 1142 2937 δουλεία
1203 2875 1321 2936 dici
1402 2875 1675 2951 potuerit,
1741 2881 1807 2933 ut
1867 2877 2143 2937 omnibus
2209 2875 2575 2951 temporibus
2647 2876 3066 2940 liberalissime
3121 2878 3373 2939 Graecos
3416 2896 3450 2938 a
3503 2880 3782 2940 Romanis
3855 2877 4178 2938 victoribus

490 2987 730 3048 habitos
774 3000 906 3045 esse
948 2981 1207 3043 omnium
1253 2980 1376 3039 sere
1419 2979 1771 3055 scriptorum
1815 2978 2166 3039 testimoniis
2209 2978 2368 3038 clare
2406 2978 2767 3041 ostendatur.

805 3087 927 3146 lam
972 3101 1133 3157 vero,
1175 3098 1306 3142 cum
1354 3097 1427 3140 ex
1472 3080 1586 3154 his,
1630 3096 1781 3156 quae
1824 3081 2101 3155 diximus,
2146 3079 2290 3141 satis
2332 3080 2602 3139 videatur
2643 3097 2927 3156 apparere
2971 3086 3400 3146 Volkmannum
3447 3099 3757 3159 perperam
3805 3081 4032 3154 secisse,
4076 3083 4177 3156 qui

485 3211 626 3255 eum
672 3200 911 3263 statum,
956 3189 1016 3248 in
1058 3203 1176 3261 quo
1219 3184 1426 3244 Graeci
1471 3183 1771 3242 Plutarchi
1814 3183 2178 3257 temporibus
2222 3182 2440 3244 versati
2481 3181 2619 3256 sint,
2660 3184 2823 3244 nullo
2868 3189 3041 3248 modo
3086 3184 3349 3248 δουλείαν
3392 3187 3508 3247 dici
3556 3186 3820 3260 potuisse
3865 3185 4180 3246 contendat

487 3297 761 3370 idemque
814 3297 1120 3370 propterea
1174 3287 1248 3346 ad
1302 3303 1430 3346 eam
1477 3285 1897 3360 condicionem,
1951 3285 2010 3345 in
2062 3302 2239 3361 quam
2294 3284 2499 3345 Graeci
2552 3292 2681 3360 post
2730 3287 2979 3349 deletam
3022 3291 3364 3352 Corinthum
3401 3286 3729 3360 inciderint,
3770 3287 3925 3348 hanc
3975 3302 4175 3348 vocem

491 3399 860 3458 referendam
909 3410 1039 3454 esse
1089 3397 1344 3463 censeat,
1411 3404 1587 3464 quam
1638 3387 2038 3447 condicionem
2093 3403 2210 3447 non
2265 3386 2453 3462 magis
2492 3382 2758 3447 δουλείαν
2801 3389 2916 3449 dici
2961 3407 3136 3466 posse
3181 3391 3456 3465 vidimus,
3502 3390 3561 3450 in
3609 3389 4045 3465 interpretando
4085 3404 4178 3462 eo,

479 3503 559 3561 de
626 3514 744 3575 quo
812 3499 1007 3573 agitur
1068 3495 1199 3554 leco
1244 3490 1673 3551 Volkmannum
1727 3489 1900 3565 plane
1954 3489 2244 3551 erravisse
2294 3493 2613 3567 contonam
2687 3511 2821 3555 nam
2888 3495 3018 3570 ipso
3085 3502 3360 3557 contextu
3426 3509 3650 3565 eorum,
3719 3507 3871 3567 quae
3932 3491 4175 3551 suntin

482 3602 740 3678 epilogo,
785 3616 989 3661 vocem
1030 3593 1290 3656 δουλείαν
1334 3607 1426 3667 ee,
1471 3607 1587 3666 quo
1635 3593 1759 3652 vult
1802 3593 2224 3666 Volkmannus,
2269 3595 2488 3655 referre
2530 3597 2768 3657 omnino
2814 3605 3099 3658 vetamur.

791 3718 1287 3780 Lacedaemonios
1352 3711 1436 3771 ait
1506 3709 1760 3785 scriptor
1802 3710 1843 3788 ἓ
1898 3709 2010 3786 42,
2078 3720 2386 3788 postquam
2442 3714 2798 3777 debellatum
2862 3718 3018 3792 apud
3075 3716 3472 3777 Chaeroneam
3535 3712 3728 3785 suerit,
3789 3709 4174 3769 Macedonum

490 3823 731 3898 regibus
776 3821 1087 3898 imperium
1134 3819 1442 3880 universae
1483 3813 1759 3875 Graeciae
1801 3813 2223 3881 obtinentibus,
2269 3830 2602 3890 quanquam
2649 3834 2868 3893 paucae
2910 3834 3133 3890 earum,
3178 3833 3325 3893 quas
3353 3818 3653 3893 Lycurgus
3695 3814 3930 3873 tulisset
3975 3809 4168 3886 legum

495 3925 778 4001 valerent,
823 3933 1019 3985 tamen
1063 3921 1367 3999 pristinam
1414 3916 1745 3977 libertatem
1787 3931 2056 3976 servasse
2096 3932 2166 3975 ac
2208 3916 2560 3992 defendisse,
2602 3920 2744 3980 dum
2789 3919 3273 3996 praeclarissimis
3318 3919 3437 3980 illis
3471 3919 3698 3995 legibus
3734 3913 3918 3990 magis
3952 3912 4166 3987 magis-

487 4043 604 4101 que
648 4029 831 4102 lapsis
872 4044 942 4088 ac
988 4032 1287 4102 postremo
1328 4019 1565 4080 omnino
1614 4016 1894 4094 neglectis
1925 4035 1997 4078 ex
2039 4018 2299 4094 ipsorum
2337 4019 2553 4081 civium
2603 4038 2848 4084 numero
2889 4022 3259 4096 exsisterent,
3320 4022 3421 4098 qui
3450 4021 3752 4097 tyrannice
3784 4021 4166 4093 imperarent;

478 4137 539 4190 et
605 4130 720 4191 iam
787 4130 922 4191 aliis
982 4129 1065 4188 ait
1130 4122 1354 4186 similes
1421 4122 1602 4182 factos
1646 4120 2136 4182 Lacedaemonios
2187 4121 2495 4196 pristinam
2550 4121 2796 4197 gloriam
2866 4126 3312 4203 libertatemque
3365 4120 3653 4205 (εὔκλειαν
3698 4118 3790 4182 καὶ
3827 4117 4172 4205 παρρησίαν)

482 4233 802 4308 proiecisse
865 4239 1040 4307 atque
1103 4230 1162 4289 in
1216 4225 1555 4288 servitutem
1616 4238 1747 4284 esse
1796 4222 2069 4298 delapsos
2120 4231 2180 4285 et
2231 4225 2407 4284 modo
2467 4222 2635 4303 (νῦν),
2691 4229 2843 4288 sieut
2893 4229 3042 4290 alias
3086 4229 3362 4289 Graeciae
3403 4238 3605 4305 gentes
3646 4228 3945 4288 Romanae
3988 4225 4172 4287 sar-tos

477 4351 612 4397 esse
678 4336 964 4398 dicionis:
1042 4330 1157 4400 ἕως
1218 4326 1283 4390 οὖ
1329 4329 1678 4387 παντάπασιν
1732 4322 2079 4410 ὑπεριδόντες
2134 4323 2241 4409 τὴν
2290 4324 2622 4414 Λυκούργου
2676 4329 3013 4410 νομοθεσίαν
3067 4328 3170 4393 ὑπὸ
3209 4334 3324 4390 τῶν
3359 4328 3513 4391 ἰδίων
3554 4328 3798 4392 πολιτῶν
3842 4325 4172 4414 ἐτυραννεὺ·

477 4436 672 4521 θησαν
737 4434 918 4522 μηδὲν
968 4435 1048 4499 ἔτι
1101 4435 1397 4505 σώζοντες
1443 4436 1552 4515 τῆς
1599 4431 1832 4518 πατρίου
1886 4431 2130 4515 ἀγωγῆς.
2178 4430 2272 4493 καὶ
2312 4432 2696 4520 παραπλήσιοι
2739 4440 2856 4504 τοῖς
2898 4435 3103 4506 ἄλλοις
3143 4439 3428 4520 γενόμενοι
3470 4431 3576 4519 τὴν
3617 4433 3864 4521 πρόσθεν
3908 4431 4171 4495 εὔκλειαν

480 4541 574 4604 καὶ
613 4545 934 4632 παρρησίαν
979 4541 1258 4606 ἀπέθεντο
1302 4535 1395 4600 καὶ
1438 4537 1520 4608 εἰς
1559 4534 1821 4599 δουλείαν
1865 4535 2221 4621 μετέστησαν
2265 4537 2358 4601 καὶ
2399 4544 2497 4601 νῦν
2534 4536 2636 4602 ὑπὸ
2653 4537 2951 4622 Ῥωμαίοις
2992 4541 3252 4629 καθάπερ
3297 4538 3347 4603 οἱ
3391 4539 3874 4624 ἄλλοιἝλληνες
3895 4537 4165 4623 ἐγένοντο.

784 4668 868 4728 Ac
909 4669 1163 4746 primum
1206 4665 1442 4740 quidem
1487 4660 1685 4722 verbis
1729 4657 1822 4720 καὶ
1865 4658 1947 4729 εἰς
1988 4656 2251 4721 δουλείαν
2296 4662 2657 4748 μετέστησαν
2701 4662 2888 4742 ipsius
2911 4665 3213 4726 Plutarchi
3243 4674 3506 4741 tempora
3539 4664 3875 4741 intellegere
3904 4669 4171 4723 vetamur

472 4769 570 4842 iis,
613 4785 766 4844 quac
805 4777 1132 4845 sequuntur
1174 4765 1268 4828 καὶ
1308 4769 1407 4827 νῦν
1463 4763 1565 4828 ὑπὸ
1598 4759 1895 4845 Ῥωμαίοις
1939 4764 2201 4853 καθάπερ
2245 4764 2294 4828 οἱ
2337 4766 2505 4832 ἄλλοι
2533 4767 2838 4852 Ἕλληνες
2880 4764 3153 4850 ἐγένοντο.
3241 4768 3324 4828 De
3367 4766 3617 4828 diversis
3667 4765 4033 4841 temporibus
4072 4764 4170 4823 hic

474 4871 593 4947 agi,
658 4888 791 4933 cum
854 4874 1069 4935 dicitur
1120 4871 1201 4942 εἰς
1250 4869 1514 4933 δουλείαν
1565 4870 1921 4955 μετέστησαν
1975 4878 2035 4932 et
2077 4869 2170 4933 καὶ
2202 4876 2300 4934 νῦν
2344 4870 2447 4937 ὑπὸ
2480 4872 2790 4959 Ῥωμαίοις
2833 4870 3088 4957 ἐγένοντο
3130 4871 3258 4932 iure
3301 4869 3533 4932 mireris
3576 4868 4002 4929 Volkmannum
4048 4880 4170 4925 non

477 4974 717 5036 vidisse.
803 4975 914 5047 Qui
986 4993 1120 5040 cum
1178 4978 1321 5039 dicit
1370 4978 1678 5053 rationem,
1740 4995 1853 5054 qua
1908 4976 2209 5038 Plutarchi
2257 4987 2449 5042 aetate
2490 4981 2696 5044 Graeci
2749 4999 2781 5044 a
2825 4977 3110 5043 Romanis
3161 4974 3347 5035 habiti
3412 4972 3532 5034 sint
3573 4985 3765 5044 neque
3808 4969 3993 5029 visam
4038 4983 4171 5030 esse

479 5090 757 5149 umquam
801 5077 1039 5142 Graecis
1082 5081 1226 5159 ipsis
1268 5077 1535 5142 δουλείαν
1576 5096 1764 5157 neque
1804 5079 1994 5140 videri
2036 5080 2603 5162 potuisse(crr.1.t.
2639 5085 2684 5157 1,
2715 5100 2771 5160 p.
2799 5081 2975 5161 239),
3019 5079 3199 5142 verba
3244 5072 3337 5137 καὶ
3380 5073 3463 5143 εἰς
3502 5069 3764 5134 δουλείαν
3807 5067 4169 5153 μετέστησαν
