4725 5742
2437 369 2478 434 8

596 581 862 658 ignotum
904 597 939 641 e
981 579 1432 657 praeclarissimi
1478 579 1639 640 illius
1683 576 2144 639 Chaeroneensis
2203 578 2374 639 libris
2412 576 2926 653 neglegentissime
2946 579 3229 652 quaedam
3259 575 3643 651 exscripsisse
3683 573 3874 648 iisque
3899 573 4017 632 alia
4046 572 4285 632 aliunde

594 685 781 759 petita
821 683 1139 755 addidisse,
1183 682 1447 755 Vossius,
1489 699 1623 744 cum
1668 684 1746 743 ita
1791 680 2207 754 suspicaretur,
2249 695 2370 740 non
2414 680 2531 738 alio
2577 678 2743 740 nisus
2787 687 2878 741 est
2923 686 3288 755 argumento,
3331 694 3522 753 neque
3563 677 3670 737 niti
3703 675 3913 751 potuit,
3958 673 4072 734 nisi
4102 673 4290 749 ipsius

592 786 857 848 nominis
897 784 1310 846 communione
1350 784 1497 861 (Cir.
1553 784 1711 846 Gier.
1757 785 1798 844 l.
1843 782 1884 842 1.
1929 799 1986 858 p.
2034 779 2178 857 XL).

910 888 1031 946 Hos
1102 886 1261 947 viros
1329 886 1389 946 in
1455 887 1695 947 serendo
1751 884 1965 945 iudicio
2017 900 2221 944 omnes
2279 881 2418 941 inde
2477 882 2769 956 profectos
2821 899 2952 943 esse
2995 881 3282 952 videmus,
3342 880 3497 955 quod
3550 877 3816 936 libellum
3863 883 3996 952 post
4038 874 4290 951 Lycurgi

598 989 783 1048 vitam
830 991 1235 1066 conscriptum
1279 1003 1411 1049 esse
1452 994 1724 1063 putarent
1766 993 1825 1046 et
1859 986 2000 1061 quin
2043 983 2257 1061 partim
2304 982 2445 1048 inde
2491 986 2738 1046 haustus
2763 992 2937 1053 esset.
2976 984 3052 1044 ita
3087 999 3204 1044 non
3237 983 3298 1043 in
3334 980 3578 1042 dubium
3607 984 3910 1039 censerent
3940 976 4292 1048 vocandum,

610 1098 676 1150 ut
717 1106 785 1149 ea
835 1092 1121 1151 sententia
1192 1090 1284 1150 vel
1328 1089 1451 1165 ipsa
1498 1090 1811 1149 verborum
1854 1086 2240 1149 similitudine
2281 1089 2428 1151 satis
2472 1087 2852 1163 comprobata
2899 1086 2970 1146 iis
3016 1085 3328 1145 videretur.
3427 1084 3582 1143 Sane
3623 1080 3882 1156 quidem,
3922 1079 3975 1140 si
4019 1078 4288 1138 libellum

610 1199 745 1267 post
786 1192 1081 1254 Plutarchi
1127 1200 1390 1267 tempora
1437 1190 1719 1264 scriptum
1765 1205 1896 1251 esse
1936 1188 2060 1249 ullo
2084 1192 2281 1251 'modo
2322 1189 2714 1250 demonstrari
2759 1194 2976 1265 posset,
3024 1188 3264 1248 illorum
3311 1186 3571 1247 virorum
3605 1183 3819 1246 iudicio
3843 1198 3960 1242 non
3984 1197 4289 1258 possemus

612 1309 731 1353 non
772 1296 1065 1356 accedere.
1133 1295 1247 1354 Sed
1294 1309 1424 1353 cum
1472 1292 1558 1352 illi
1605 1292 1665 1353 in
1709 1299 1960 1365 tempus,
2007 1306 2124 1366 quo
2167 1293 2493 1353 confectum
2541 1298 2695 1352 esset
2737 1294 2850 1353 hoc
2888 1290 3262 1367 opusculum,
3311 1289 3474 1349 nullo
3518 1290 3693 1349 modo
3741 1284 4168 1359 inquisiverint,
4213 1298 4289 1343 ne

598 1411 677 1455 ea
728 1395 984 1470 quidem,
1048 1412 1202 1471 quae
1254 1397 1327 1456 de
1381 1396 1582 1455 libello
1638 1394 1767 1469 ipso
1809 1400 2156 1468 statuerunt,
2200 1395 2279 1454 ita
2327 1397 2403 1455 ab
2449 1395 2609 1456 omni
2655 1401 2820 1470 parte
2863 1391 3244 1468 comprobata
3286 1390 3493 1450 haberi
3540 1391 3692 1466 licet,
3737 1398 3802 1450 ut
3847 1395 4010 1450 extra
4055 1403 4289 1447 omnem

602 1496 1029 1558 dubitationem
1070 1497 1257 1573 posita
1304 1497 1441 1558 sint.

907 1597 1035 1658 Non
1078 1599 1248 1660 aliter
1290 1615 1358 1659 ac
1382 1599 1695 1672 Rualdum,
1724 1596 2020 1673 Vossium,
2047 1595 2387 1673 Gierigium,
2429 1599 2577 1660 alios
2617 1598 2776 1659 viros
2820 1599 3042 1670 doctos,
3087 1597 3186 1671 qui
3233 1596 3291 1655 in
3337 1595 3699 1671 explicandis
3735 1593 4029 1654 Plutarchi
4053 1592 4289 1667 scriptis

608 1701 827 1760 versati
868 1709 1025 1774 sunt,
1080 1703 1153 1761 de
1205 1700 1431 1777 origine
1475 1700 1659 1761 libelli
1703 1698 2070 1761 existimasse
2116 1700 2401 1762 videmus.
2469 1701 2580 1771 Qui
2624 1716 2955 1776 quanquam
2999 1700 3073 1758 de
3110 1699 3244 1759 aliis
3287 1700 3464 1758 rebus
3507 1697 3676 1756 aliter
3716 1694 4071 1767 iudicabant,
4116 1694 4175 1753 in
4219 1710 4288 1754 eo

604 1810 821 1872 tamen,
872 1803 976 1878 qui
1029 1803 1265 1878 quidem
1318 1802 1584 1879 spurium
1639 1816 1771 1861 esse
1816 1801 2077 1862 libellum
2124 1804 2348 1878 volunt,
2397 1804 2469 1863 ad
2516 1819 2700 1862 unum
2746 1804 2868 1864 sere
2909 1817 3113 1861 omnes
3168 1800 3559 1872 consentiunt,
3603 1800 3756 1874 quod
3800 1814 3834 1857 e
3877 1796 3995 1855 vita
4039 1795 4286 1871 Lycurgi

600 1919 739 1964 eum
782 1904 994 1980 partim
1028 1904 1303 1965 haustum
1343 1919 1476 1964 esse
1524 1910 1752 1979 putant.

906 2007 1412 2082 wyttenbachius,
1456 2022 1590 2067 cum
1634 2005 1928 2081 epilogum
1973 2006 2150 2065 huius
2192 2008 2462 2082 opusculi
2506 2024 2539 2067 a
2585 2006 2898 2067 Plutarcho
2938 2007 3194 2066 alienum
3225 2021 3356 2065 esse
3388 2011 3446 2065 et
3485 1998 3860 2063 subditicium
3891 2000 4289 2076 suspicaretur

600 2106 752 2183 (Cir.
797 2107 1145 2169 Volkmann.
1191 2109 1230 2169 l.
1257 2108 1298 2167 l.
1345 2109 1389 2182 1,
1435 2125 1492 2183 p.
1539 2106 1710 2183 239),
1755 2115 1942 2167 totum
1981 2114 2178 2168 tamen
2226 2110 2501 2170 libellum
2546 2111 2811 2186 spurium
2858 2108 3115 2169 iudicare
3159 2124 3344 2169 ausus
3386 2121 3505 2166 non
3549 2112 3657 2166 est.
3741 2104 3865 2178 „De
3908 2104 4021 2162 hoc
4066 2103 4284 2171 libello,

602 2209 793 2284 inquit
860 2211 980 2285 ille,
1054 2211 1190 2271 item
1248 2225 1484 2285 censeo,
1537 2218 1601 2270 ut
1653 2213 1728 2271 de
1772 2211 2149 2271 antecedente
2202 2210 2431 2288 (regum
2488 2222 2545 2273 et
2589 2213 2795 2289 imper.
2838 2211 3305 2286 apophthegm),
3360 2216 3425 2269 ut
3467 2223 3600 2267 eum
3645 2223 3751 2268 nec
3791 2221 4137 2281 germanum
4180 2220 4288 2264 nec

600 2312 872 2386 spurium
926 2313 1308 2387 pronuntiare
1358 2313 1601 2373 firmiter
1651 2313 1921 2372 audeam.
2007 2311 2149 2371 Nam
2220 2315 2463 2373 materia
2508 2315 2745 2389 quidem
2788 2320 2877 2373 est
2924 2312 3289 2382 Plutarchea,
3334 2312 3572 2371 collecta
3621 2308 3934 2367 maximam
3981 2313 4209 2381 partem
4255 2323 4290 2366 e

608 2413 725 2472 vita
770 2414 1019 2490 Lycurgi
1089 2415 1263 2490 idque
1316 2416 1408 2475 vel
1459 2416 1533 2475 ab
1589 2416 1717 2489 ipso
1761 2411 2097 2486 Plutarcho,
2149 2415 2242 2474 vel
2287 2421 2493 2490 postea
2537 2417 2613 2476 ab
2658 2418 2777 2477 alio
2820 2415 3087 2487 homine3
3134 2431 3324 2491 neque
3367 2414 3524 2476 enim
3568 2411 3848 2472 rationem
3896 2408 4086 2482 video,
4129 2424 4276 2482 quo-

602 2517 801 2577 minus
846 2516 939 2576 vel
982 2516 1327 2578 alterutrum
1378 2519 1470 2578 vel
1516 2518 1688 2577 etiam
1729 2525 2044 2591 utrumque
2086 2517 2212 2577 fieri
2257 2519 2574 2594 potuerit.“

903 2619 1044 2677 Jure
1088 2621 1338 2691 mireris,
1394 2621 1686 2694 quomodo
1732 2618 1855 2678 fieri
1902 2620 2176 2693 potuerit,
2223 2628 2288 2679 ut
2331 2621 2453 2695 ille,
2501 2622 2602 2697 qui
2647 2623 2893 2683 multum
2940 2621 3000 2681 in
3048 2620 3343 2680 Plutarchi
3389 2617 3624 2693 scriptis
3666 2616 4035 2690 maximeque
4077 2613 4137 2673 in
4184 2613 4276 2683 iis,

604 2718 823 2791 quibus
849 2719 1091 2780 Moralia
1126 2721 1483 2790 inscribitur,
1507 2730 1663 2782 esset
1706 2727 1993 2795 versatuS,
2035 2722 2113 2782 ita
2153 2723 2227 2781 dc
2269 2722 2383 2782 hoc
2427 2724 2582 2783 libro
2626 2724 2925 2796 iudicaret,
2971 2731 3035 2783 ut
3057 2739 3191 2783 eum
3233 2739 3341 2784 nec
3368 2737 3707 2797 germanum
3731 2735 3838 2779 nec
3863 2717 4129 2793 spurium
4149 2730 4281 2776 csse

609 2835 715 2894 pro
787 2829 946 2881 certo
990 2823 1287 2883 affirmare
1349 2824 1608 2884 auderet.
1696 2825 1863 2895 Quod
1919 2839 2060 2883 vero
2115 2825 2216 2886 ille
2268 2827 2418 2886 dixit
2465 2827 2766 2888 materiam
2813 2843 2944 2888 asse
2984 2826 3413 2895 Plutarcheam,
3456 2824 3516 2884 in
3562 2831 3783 2899 partem
3826 2825 4051 2881 tantum
4107 2817 4278 2877 huius

601 2921 741 2981 libri
783 2924 1009 3002 cadere,
1060 2925 1161 3001 qui
1206 2925 1440 3001 quidem
1487 2926 1660 2999 paulo
1703 2926 2040 3002 diligentius
2067 2928 2362 2989 Plutarchi
2407 2930 2642 3005 scriptis
2677 2947 2912 3007 operam
2949 2929 3192 3000 dederit,
3225 2928 3394 2988 facilc
3430 2927 3725 2997 concedet,
3760 2938 3891 2982 cum
3937 2921 4283 2980 nonnullae-

594 3041 697 3086 τω
751 3027 862 3086 hoc
918 3027 1070 3088 libro
1113 3035 1385 3088 narratae
1428 3027 1488 3087 in
1537 3028 1829 3088 Plutarchi
1873 3030 2110 3106 scriptis
2154 3046 2445 3105 nusquam
2493 3034 2876 3106 reperiantur.
2964 3033 3116 3104 Quid
3160 3031 3315 3106 quod
3359 3026 3840 3103 Wyttenbachius
3883 3040 3918 3082 a
3962 3022 4276 3082 Plutarcho

602 3126 733 3201 ipso
797 3128 942 3188 haec
1009 3145 1182 3204 posse
1224 3130 1553 3205 conscripta
1595 3146 1726 3191 esse
1767 3134 2012 3208 putavit,
2057 3149 2257 3193 nonne
2299 3134 2474 3208 plane
2516 3135 2711 3209 inepte
2754 3154 2887 3198 eum
2934 3136 3222 3196 iudicasse
3266 3134 3359 3192 vel
3392 3132 3582 3207 primo
3625 3129 3835 3188 obtutu
3878 3121 4073 3201 patet?
4157 3124 4280 3184 Nisi

596 3229 751 3289 forte
815 3230 1077 3290 eiusdem
1129 3229 1239 3289 viri
1295 3238 1467 3306 putas
1520 3248 1651 3292 csse
1702 3241 1759 3293 et
1806 3234 2001 3309 ipsum
2046 3236 2520 3311 praeclarissima
2563 3252 2740 3310 opera
2782 3237 3066 3299 conficere
3108 3243 3167 3295 et
3211 3250 3285 3293 ex
3329 3235 3453 3295 suis
3495 3232 3729 3307 scriptis
3773 3228 4280 3306 neglegentissime

596 3347 696 3391 res
740 3334 904 3392 nullo
948 3334 1069 3393 sere
1109 3332 1316 3392 ordine
1357 3334 1712 3409 compositas
1755 3336 2124 3397 conscribere
2171 3338 2413 3399 adiectis
2457 3339 2634 3398 rebus
2666 3339 2900 3399 aliunde
2925 3338 3137 3412 petitis.
3183 3338 3388 3412 ltaque
3417 3336 3592 3409 plane
3615 3333 3966 3393 reiciendam
3988 3330 4278 3391 credimus

598 3433 754 3493 hanc
797 3434 1226 3511 Wyttenbachii
1293 3440 1662 3513 sententiam,
1731 3454 1906 3513 quam
1959 3438 2012 3498 si
2064 3455 2464 3514 sequeremur,
2518 3441 2740 3514 aliquid
2794 3441 2972 3515 inepti
3019 3440 3332 3499 Plutarcho
3402 3441 3841 3512 imputaremus.
3926 3433 4092 3503 Quod
4139 3447 4278 3490 vero

607 3534 1089 3611 wyttenbachius
1133 3538 1307 3598 etiam
1349 3539 1529 3599 alium
1576 3542 1868 3614 quendam
1911 3542 2068 3600 hunc
2112 3542 2326 3601 librum
2374 3559 2408 3602 e
2451 3541 2817 3603 Plutarcheis
2859 3541 3109 3616 aliisque
3154 3532 3771 3616 excerpere'potuissc
3817 3535 4058 3611 putavit,
4094 3549 4279 3608 quan-

594 3652 776 3710 quam
824 3639 1008 3713 magis
1053 3647 1244 3713 potest
1287 3641 1605 3701 verisimile
1648 3642 1853 3710 videri,
1896 3650 2114 3715 tamen,
2158 3658 2296 3702 num
2344 3645 2671 3718 probabilis
2716 3650 2870 3703 esset
2912 3658 2978 3701 ea
3025 3643 3310 3702 sententia
3357 3649 3415 3701 et
3444 3656 3622 3714 supra
3665 3638 4049 3697 dubitandum
4081 3636 4282 3696 existi-

603 3740 894 3800 mavimus
958 3747 1016 3800 et
1081 3742 1524 3818 improbandam
1581 3760 1710 3804 eam
1761 3760 1891 3803 esse
1940 3745 2085 3804 satis
2137 3745 2312 3805 certis
2364 3747 2726 3821 argumentis
2787 3745 2936 3805 infra
2980 3744 3535 3805 demonstrabimus.
3623 3742 3740 3802 Sed
3782 3742 4124 3816 priusquam
4167 3739 4282 3796 huc

596 3848 992 3914 transeamuS,
1035 3844 1207 3903 liceat
1252 3845 1395 3904 mihi
1438 3847 1665 3911 afferre.
1710 3845 1849 3920 quid
1892 3847 1966 3906 de
2003 3846 2116 3905 hoc
2161 3847 2313 3906 libro
2359 3847 2702 3908 iudicaverit
2743 3848 3110 3920 Benselerus,
3154 3847 3253 3921 qui
3299 3846 3358 3906 in
3404 3863 3474 3907 eo
3516 3845 3688 3917 libro,
3731 3860 3903 3918 quem
3949 3840 4183 3916 scripsit
4205 3841 4278 3900 de

605 3942 790 4017 hiatu,
834 3944 1008 4003 etiam
1055 3945 1351 4006 Plutarchi
1398 3950 1613 4023 scripta
1658 3948 1945 4007 tractavit.

905 4047 1095 4121 Atque
1144 4049 1426 4109 audacius
1471 4050 1572 4110 ille
1614 4050 1891 4110 iudicavit
1933 4066 2110 4124 quam
2141 4049 2643 4125 wyttenbachius.
2687 4051 2830 4111 Nam
2856 4066 2986 4111 cum
3013 4067 3211 4127 regum
3249 4057 3306 4110 ct
3329 4050 3632 4124 imperato}
3648 4063 3747 4105 um
3773 4047 4281 4121 apophthegmata,

604 4163 758 4222 quae
801 4149 1089 4209 reicienda
1132 4164 1264 4210 esse
1306 4149 1605 4225 Xylander
1647 4158 1948 4224 statuerat,
1992 4152 2241 4227 genuina
2287 4170 2419 4214 esse
2460 4154 2794 4226 contendat,
2859 4169 3190 4229 quanquam
3239 4150 3507 4211 nonnulli
3553 4149 3746 4207 hiatus
3790 4147 3872 4206 ibi
3916 4148 4283 4224 reperiantur

597 4248 779 4323 (quos
822 4246 914 4329 [ita
963 4267 1243 4312 excusare
1285 4259 1530 4312 conatus
1572 4260 1681 4324 est,
1726 4260 1791 4312 ut
1835 4253 2211 4314 Plutarchum
2258 4256 2538 4317 nonnulla
2596 4255 2829 4331 iisdem,
2883 4258 3096 4332 quibus
3143 4255 3218 4314 ab
3264 4252 3397 4312 aliis
3440 4251 3622 4309 relata
3668 4256 3863 4309 essent
3905 4250 4100 4310 verbis
4142 4263 4281 4308 nar-

600 4367 786 4425 rasse,
853 4360 955 4412 aut
1010 4352 1157 4412 alios
1195 4354 1482 4429 quaedam
1526 4355 1820 4416 addidisse
1863 4354 2125 4433 diceret),
2171 4358 2663 4432 apophthegmata
2706 4360 3008 4432 Laconica,
3052 4357 3315 4417 instituta
3357 4351 3660 4425 Laconica,
3704 4352 4097 4411 Lacaenarum
4140 4366 4278 4425 apo·

607 4452 983 4529 phthegmata
1027 4455 1224 4530 spuria
1267 4471 1400 4517 esse
1443 4455 1656 4516 ibidem
1704 4457 1891 4533 docet,
1936 4475 2066 4519 cum
2114 4461 2315 4520 multis
2359 4458 2621 4518 hiatibus
2665 4460 2890 4521 foedata
2936 4462 3073 4522 sint.
3138 4458 3252 4518 Sed
3296 4457 3448 4516 hanc
3473 4454 3767 4515 Bcnseleri
3798 4455 4142 4516 sententiam
4166 4455 4281 4515 sibi

596 4560 873 4615 constare
926 4571 1228 4631 negamus.
1338 4558 1481 4617 Nam
1534 4565 1937 4632 praeterquam
1985 4562 2143 4635 quod
2186 4577 2303 4621 non
2348 4568 2544 4635 potest
2609 4563 2781 4622 nobis
2852 4578 2970 4623 non
3027 4562 3243 4621 mirum
3296 4557 3481 4618 videri
3521 4573 3725 4633 regum
3765 4564 3823 4617 et
3864 4556 4281 4632 imperatorum

594 4657 1092 4735 apophthegmata
1135 4658 1224 4718 illi
1266 4659 1392 4720 visa
1436 4674 1568 4718 esse
1610 4659 1880 4735 genuina,
1924 4677 2056 4723 cum
2099 4671 2288 4724 cetera
2334 4664 2551 4738 omnia,
2596 4665 2656 4724 in
2699 4663 2912 4738 quibus
2957 4664 3220 4725 instituta
3261 4660 3562 4731 Laconica,
3606 4675 3713 4734 pro
3755 4659 3975 4735 spuriis
4017 4659 4280 4732 haberet,

601 4773 939 4833 quanquam
1009 4761 1109 4820 vix
1161 4761 1432 4835 pluribus
1484 4760 1743 4822 hiatibus
1795 4761 2044 4838 foedata,
2111 4781 2284 4839 quam
2330 4766 2453 4840 illa,
2497 4783 2587 4841 ea,
2632 4781 2783 4842 quae
2824 4766 3171 4827 Benselerus
3215 4766 3290 4824 de
3330 4763 3494 4823 hiatu
3536 4776 3572 4820 a
3614 4761 4001 4837 scriptoribus
4044 4759 4281 4821 Graecis

598 4860 817 4920 evitato
862 4863 1026 4922 dedit
1065 4871 1393 4940 praecepta,
1444 4864 1520 4922 ad
1564 4865 1722 4925 hunc
1763 4863 2030 4925 libellum
2073 4865 2172 4926 vix
2216 4875 2467 4942 possunt
2514 4868 2825 4943 pertinere,
2870 4867 3086 4944 quippe
3129 4866 3231 4942 qui
3274 4873 3500 4925 tantum
3543 4864 3718 4938 absit,
3762 4871 3828 4923 ut
3869 4863 4157 4940 integrum
4202 4863 4283 4924 sit

598 4964 951 5036 opusculum
1005 4972 1064 5025 et
1113 4968 1187 5026 ab
1242 4968 1401 5028 omni
1460 4976 1626 5044 parte
1666 4969 2051 5044 elaboratum,
2095 4974 2160 5027 ut
2203 4971 2400 5044 potius
2444 4969 2659 5030 similis
2702 4970 2967 5030 videatur
3007 4969 3275 5045 reliquiis
3318 4967 3559 5028 maioris
3599 4965 3902 5026 cuiusdam
3946 4965 4141 5041 operis
4178 4971 4283 5025 aut

598 5065 884 5126 collectae
926 5068 1227 5142 materiae,
1270 5072 1427 5130 unde
1468 5077 1671 5144 postea
1714 5069 2058 5131 continuum
2101 5086 2251 5146 opus
2300 5072 2707 5132 conficeretur.
2775 5071 3119 5148 Quanquam
3166 5072 3348 5149 igitur
3388 5085 3506 5131 non
3548 5070 3740 5131 solum
3786 5067 3848 5127 in
3874 5066 4031 5141 vitis,
4073 5083 4281 5127 verum

597 5166 780 5226 etiam
824 5167 887 5228 in
929 5168 1004 5230 iis
1046 5169 1302 5245 scriptis,
1347 5171 1563 5244 quibus
1606 5173 1849 5233 Moralia
1895 5173 2254 5246 inscribitur,
2298 5174 2525 5236 hiatum
2565 5190 2601 5234 a
2651 5173 2966 5234 Plutarcho
3008 5173 3154 5235 satis
3176 5172 3486 5250 diligenter
3515 5170 3796 5232 evitatum
3821 5185 3952 5230 esse
3979 5170 4283 5232 Schellen-
